=LDR  02223 am a2200613 a 4500
=001  012970259
=003  Uk
=005  20071016105735.0
=006  m\\\\|\\\d\|\\\\\\
=007  cr|||\|||a||||
=008  040816s2004\\\\enk||||\s||||\00|\0\eng\\
=FMT  \\$a  BK
=015  \\$aGBA500004$2bnb
=020  \\$a1854495798 :$cNo price
=040  \\$aUk$beng$cUk$dUk
=042  \\$aukblsr
=082  04$a658.162019$222
=100  1\$aVan Dick, Rolf.
=245  10$aWorking under a black cloud$h[electronic resource] :$bhow to sustain organizational identification after a merger /$cby R. van Dick, J.Ullrich and P.A. Tissington.
=246  17$aIdentification in the course of a merger
=260  \\$aBirmingham :$bAston Business School,$c2004.
=336  \\$atext$2rdacontent
=337  \\$acomputer$2rdamedia
=338  \\$aonline resource$2rdacarrier
=538  \\$aMode of access: Internet.
=538  \\$aSystem requirements: IBM compatible PC; Microsoft Windows; Microsoft Word.
=500  \\$aTitle from title page.
=516  \\$aWord for Windows format.
=500  \\$aRP0419.
=650  \0$aGroup identity.
=650  \0$aConsolidation and merger of corporations$xManagement.
=650  \0$aCommunication in personnel management.
=650  \0$aOrganizational behavior$xManagement.
=690  7\$aManagement and Business Studies$2blcoll
=700  1\$aUllrich, J.$q(Johannes).
=700  1\$aTissington, Patrick.
=710  2\$aAston Business School.
=852  41$aBritish Library$bHMNTS$cDRT$j303209
=CAT  \\$a7750$b40$c20040816$lBLL01$h1546
=CAT  \\$a8141$b40$c20041222$lBLL01$h1004
=CAT  \\$a5194$b40$c20041222$lBLL01$h1142
=CAT  \\$a5194$b40$c20050201$lBLL01$h1614
=CAT  \\$aBATCH-UPD$b40$c20071003$lBLL01$h1540
=CAT  \\$a11249$b40$c20071016$lBLL01$h1057
=CAT  \\$aBATCH$b00$c20080505$lBLL01$h1319
=CAT  \\$aBATCH$b00$c20090611$lBLL01$h1711
=CAT  \\$aWR10_184$c20101208$lBLL01$h1635
=CAT  \\$aWR12-140$c20121030$lBLL01$h1048
=CAT  \\$aWR13.144/5$c20140418$lBLL01$h0925
=CAT  \\$aBATCH-UPD$b00$c20200601$lBLL01$h2029
=FIN  \\$aY$d20041222
=DRT  \\$aVDEP
=STA  \\$aSUPPRESSED$bWR10_184
=LAS  \\$aBATCH-UPD$b00$c20200601$lBLL01$h2029

