=LDR  02181 am a2200601 a 4500
=001  012970267
=003  Uk
=005  20041222101803.0
=006  m\\\\|\\\d\|\\\\\\
=007  cr|||\|||a||||
=008  040816s2004\\\\enk||||\s||||\00|\0\eng\\
=FMT  \\$a  BK
=015  \\$aGBA492279$2bnb
=020  \\$a1854495844 :$cNo price
=040  \\$aUk$beng$cUk
=042  \\$aukblsr
=082  04$a305.9$222
=245  02$aA view from the top$h[electronic resource] :$brelationships between leaders' and followers' self-concepts and implications for followers' attitudes and behavior /$cby Rolf van Dick ... [et al.].
=246  17$aSocial identification from a leader-follower perspective
=260  \\$aBirmingham :$bAston Business School,$c2004.
=336  \\$atext$2rdacontent
=337  \\$acomputer$2rdamedia
=338  \\$aonline resource$2rdacarrier
=538  \\$aMode of access: Internet.
=538  \\$aSystem requirements: IBM compatible PC; Microsoft Windows; Microsoft Word.
=500  \\$aTitle from title page.
=516  \\$aWord for Windows format.
=500  \\$aRP0420.
=650  \0$aLeadership$xPsychological aspects.
=650  \0$aSocial perception.
=650  \0$aCorporate culture.
=690  7\$aManagement and Business Studies$2blcoll
=690  7\$aSocial Welfare$2blcoll
=700  1\$aVan Dick, Rolf.
=710  2\$aAston Business School.
=852  41$aBritish Library$bHMNTS$cDRT$j303195
=CAT  \\$a7750$b40$c20040816$lBLL01$h1555
=CAT  \\$a7750$b40$c20040816$lBLL01$h1605
=CAT  \\$a8141$b40$c20041222$lBLL01$h0831
=CAT  \\$a8141$b40$c20041222$lBLL01$h0832
=CAT  \\$a8141$b40$c20041222$lBLL01$h1018
=CAT  \\$aBATCH-UPD$b40$c20071003$lBLL01$h1540
=CAT  \\$aBATCH$b00$c20080505$lBLL01$h1319
=CAT  \\$aBATCH$b00$c20090611$lBLL01$h1711
=CAT  \\$aWR10_184$c20101208$lBLL01$h1635
=CAT  \\$aBATCH$b00$c20110625$lBLL01$h0509
=CAT  \\$aBATCH-SWP4$c20110627$lBLL01$h1551
=CAT  \\$aWR12-140$c20121030$lBLL01$h1048
=CAT  \\$aWR13.144/5$c20140418$lBLL01$h0925
=FIN  \\$aY$d2004-12-21
=DRT  \\$aVDEP
=STA  \\$aSUPPRESSED$bWR10_184
=LAS  \\$aWR13.144/5$b00$c20140418$lBLL01$h0925

