=LDR  01080 am a22003015a 4500
=001  012995900
=003  Uk
=005  20200417182901.0
=008  040921s\\\\\\\\\\\\\\\\\\\\\\\0\\\\eng\\
=FMT  \\$a  BK
=245  \0$aNetwork management systems for active distribution networks: A feasibility study.
=260  \\$aDidcot :$bAEA Technology,$c2004.
=336  \\$atext$2rdacontent
=337  \\$aunmediated$2rdamedia
=338  \\$avolume$2rdacarrier
=852  41$aBritish Library$bHMNTS$j315970$cDRT
=985  \\$aUpgraded by BSS-generated file for WR1910-0531
=CAT  \\$a7750$b40$c20040921$lBLL01$h1147
=CAT  \\$a11249$b40$c20051102$lBLL01$h1129
=CAT  \\$aBATCH$b00$c20080505$lBLL01$h1319
=CAT  \\$a6550$b40$c20121023$lBLL01$h1417
=CAT  \\$aBATCH-UPD$b40$c20121031$lBLL01$h1323
=CAT  \\$aWR13.144/5$c20140418$lBLL01$h0926
=CAT  \\$aW1711-1225$c20171203$lBLL01$h1020
=CAT  \\$aW1910-0531$b00$c20200417$lBLL01$h1829
=DRT  \\$aVDEP
=STA  \\$aSUPPRESSED$bunable to determine reason for suppression
=LAS  \\$aW1910-0531$b00$c20200417$lBLL01$h1829

