=LDR  01114 am a22003135a 4500
=001  012996009
=003  Uk
=005  20201127180624.0
=008  040921s\\\\\\\\\\\\\\\\\\\\\\\0\\\\eng\\
=FMT  \\$a  BK
=245  \0$aCycloidal tidal power generation-phase 2.
=260  \\$aDidcot :$bAEA Technology,$c2004.
=336  \\$atext$2rdacontent
=337  \\$aunmediated$2rdamedia
=338  \\$avolume$2rdacarrier
=883  0\$aLanguage codes assigned by Bayesian analysis of words present in record$d20201028$qUk$c0.9010
=852  41$aBritish Library$bHMNTS$j315950$cDRT
=985  \\$aUpgraded by BSS-generated file for WR2011-1472
=CAT  \\$a7750$b40$c20040921$lBLL01$h1316
=CAT  \\$a11249$b40$c20051028$lBLL01$h1133
=CAT  \\$aBATCH-UPD$b40$c20070912$lBLL01$h2021
=CAT  \\$aBATCH$b00$c20080505$lBLL01$h1319
=CAT  \\$aWR10_184$c20101208$lBLL01$h1635
=CAT  \\$aWR12-140$c20121030$lBLL01$h1048
=CAT  \\$aWR13.144/5$c20140418$lBLL01$h0926
=CAT  \\$aW2011-1472$b00$c20201127$lBLL01$h1806
=DRT  \\$aVDEP
=STA  \\$aSUPPRESSED$bWR10_184
=LAS  \\$aW2011-1472$b00$c20201127$lBLL01$h1806

