=LDR  01641 am a2200469 a 4500
=001  012996184
=003  Uk
=005  20050110144127.0
=006  m\\\\|\\\d\|\\\\\\
=007  cr|||\|||a||||
=008  040921s2004\\\\enk||||\s||||\00|\0\eng\\
=FMT  \\$a  BK
=015  \\$aGBA502016$2bnb
=020  \\$a1859352243 :$cNo price
=020  \\$a1859352235 (pbk.) :$c£9.95
=040  \\$aUk$beng$cUk
=042  \\$aukblsr
=082  04$a323.60830941$222
=245  00$aYoung children's citizenship$h[electronic resource] :$bideas into practice /$cCarolyne Willow ... [et al.] ; edited by Bren Neale.
=260  \\$aYork :$bJoseph Rowntree Foundation,$c2004.
=336  \\$atext$2rdacontent
=337  \\$acomputer$2rdamedia
=338  \\$aonline resource$2rdacarrier
=538  \\$aMode of access: Internet.
=538  \\$aSystem requirements: IBM compatible PC; Windows or later; Adobe Acrobat Reader.
=500  \\$aTitle from PDF title page.
=516  \\$aPDF format.
=530  \\$aAlso issued in print format.
=650  \0$aCitizenship$zGreat Britain.
=650  \0$aChildren$xLegal status, laws, etc.$zGreat Britain.
=700  1\$aWillow, Carolyne.
=700  1\$aNeale, Bren.
=852  41$aBritish Library$bHMNTS$j315988$cDRT
=CAT  \\$a7750$b40$c20040921$lBLL01$h1444
=CAT  \\$a8141$b40$c20050110$lBLL01$h1441
=CAT  \\$aBATCH$b00$c20080505$lBLL01$h1319
=CAT  \\$aWR13.144/5$c20140418$lBLL01$h0926
=CAT  \\$aW1711-1225$c20171203$lBLL01$h1020
=FIN  \\$aY$d2005-01-10
=DRT  \\$aVDEP
=STA  \\$aSUPPRESSED$bunable to determine reason for suppression
=LAS  \\$aW1711-1225$b00$c20171203$lBLL01$h1020

