=LDR  02078 am a2200565 a 4500
=001  012997962
=003  Uk
=005  20050301115918.0
=006  m\\\\|\\\d\|\\\\\\
=007  cr||||||||||||
=008  040922s2003\\\\enk||||\s||||\00|\0\eng\\
=FMT  \\$a  BK
=015  \\$aGBA517200$2bnb
=020  \\$cNo price
=040  \\$aUk$beng$cUk
=042  \\$aukblsr
=082  04$a330.94278$222
=100  1\$aSamuel, Jonathan.
=245  10$aWest Cumbria$h[electronic resource] :$bsocio-economic study - 2003 update /$c[prepared by Jonathan Samuel].
=260  \\$aLondon :$bERM,$c2003.
=336  \\$atext$2rdacontent
=337  \\$acomputer$2rdamedia
=338  \\$aonline resource$2rdacarrier
=538  \\$aMode of access: Internet.
=538  \\$aSystem requirements: IBM compatible PC; Windows; Adobe Acrobat Reader.
=500  \\$aTitle from PDF title page.
=516  \\$aPDF format.
=500  \\$aFinal report.
=650  \0$aNuclear industry$xEmployees$xSupply and demand$zEngland$zSellafield$xForecasting.
=651  \0$aSellafield (England)$xSocial conditions$y21st century.
=651  \0$aSellafield (England)$xEconomic conditions$y21st century.
=651  \0$aCumbria (England)$xSocial conditions$y21st century.
=651  \0$aCumbria (England)$xEconomic conditions$y21st century.
=690  7\$aManagement and Business Studies$2blcoll
=710  2\$aEnvironmental Resources Management (Firm)
=710  2\$aBNFL National Stakeholder Dialogue.
=852  41$aBritish Library$bHMNTS$j315985$cDRT
=CAT  \\$a7750$b40$c20040922$lBLL01$h1015
=CAT  \\$a8141$b40$c20050225$lBLL01$h1449
=CAT  \\$a5194$b40$c20050301$lBLL01$h1159
=CAT  \\$aBATCH-UPD$b40$c20070912$lBLL01$h2021
=CAT  \\$aBATCH$b00$c20080505$lBLL01$h1319
=CAT  \\$aBATCH$b00$c20090611$lBLL01$h1712
=CAT  \\$aWR10_184$c20101208$lBLL01$h1635
=CAT  \\$aWR12-140$c20121030$lBLL01$h1048
=CAT  \\$aWR13.144/5$c20140418$lBLL01$h0926
=FIN  \\$aY$d20050225
=DRT  \\$aVDEP
=STA  \\$aSUPPRESSED$bWR10_184
=LAS  \\$aWR13.144/5$b00$c20140418$lBLL01$h0926

