=LDR  02139 am a2200553 a 4500
=001  013004562
=003  Uk
=005  20050215165427.0
=006  m\\\\|\\\d\|\\\\\\
=007  cr||||||||||||
=008  041001s2003\\\\enk\\\\\s\\\\\000\0\eng\\
=FMT  \\$a  BK
=015  \\$aGBA505850$2bnb
=020  \\$cNo price
=040  \\$aUk$beng$cUk
=082  04$a307.12120942821$222
=245  00$aLoxley Valley design statement$h[electronic resource] :$bplanning guidelines ; supplementary planning guidance /$cprepared by Loxley Valley Design Group in consultation with Development Services.
=260  \\$aSheffield :$bDevelopment Services, Sheffield City Council,$c[2003?]
=336  \\$atext$2rdacontent
=337  \\$acomputer$2rdamedia
=338  \\$aonline resource$2rdacarrier
=538  \\$aMode of access: Internet.
=538  \\$aSystem requirements: IBM compatible PC; Windows; Word for Windows.
=500  \\$aTitle from title page.
=516  \\$aIn Word for Windows format.
=500  \\$a"Approved by North and West Planning and Highways Area Board on 21st October 2003".
=650  \0$aRegional planning$zSheffield (England)
=690  7\$aSocial Welfare$2blcoll
=710  2\$aLoxley Valley Design Group.
=710  1\$aSheffield (England).$bDevelopment Services.
=852  41$aBritish Library$bHMNTS$j318062$cDRT
=CAT  \\$a7750$b40$c20041001$lBLL01$h1119
=CAT  \\$a7332$b40$c20050124$lBLL01$h1359
=CAT  \\$a7332$b40$c20050127$lBLL01$h1554
=CAT  \\$a7332$b40$c20050215$lBLL01$h1521
=CAT  \\$a5194$b40$c20050215$lBLL01$h1654
=CAT  \\$aUE-01$b00$c20050215$lBLL01$h2030
=CAT  \\$aBATCH-UPD$b00$c20070912$lBLL01$h2021
=CAT  \\$aBATCH$b00$c20080505$lBLL01$h1319
=CAT  \\$aBATCH-UPD$b00$c20080702$lBLL01$h1543
=CAT  \\$aWR10_184$c20101208$lBLL01$h1635
=CAT  \\$aBATCH$b00$c20110625$lBLL01$h0510
=CAT  \\$aBATCH-SWP4$c20110627$lBLL01$h1552
=CAT  \\$aWR12-140$c20121030$lBLL01$h1048
=CAT  \\$aWR13.144/5$c20140418$lBLL01$h0926
=FIN  \\$aY$d20050127
=DRT  \\$aVDEP
=STA  \\$aSUPPRESSED$bWR10_184
=LAS  \\$aWR13.144/5$b00$c20140418$lBLL01$h0926

