=LDR  01823 am a2200529 a 4500
=001  013004581
=003  Uk
=005  20050223095347.0
=006  m\\\\|\\\d\|\\\\\\
=007  cr||||||||||||
=008  041001s2004\\\\enk\\\\\s\\\\\000\0\eng\\
=FMT  \\$a  BK
=015  \\$aGBA505875$2bnb
=040  \\$aUk$beng$cUk
=042  \\$aukblsr
=082  04$a307.12160942821$222
=100  1\$aCurtis, David,$d1952-
=245  10$aFlower 'Five Roads' Wincobank planning brief.$h[electronic resource] /$cDavid Curtis, Karl Tupling.
=260  \\$aSheffield :$bSheffield City Council,$c2004.
=336  \\$atext$2rdacontent
=337  \\$acomputer$2rdamedia
=338  \\$aonline resource$2rdacarrier
=538  \\$aMode of access: Internet.
=538  \\$aSystem requirements: IBM compatible PC; Windows; Adobe Acrobat Reader.
=500  \\$aTitle from PDF title screen.
=516  \\$aIn PDF format.
=650  \0$aLand use$zEngland$zSheffield.
=650  \0$aCity planning$zEngland$zSheffield.
=690  7\$aSocial Welfare$2blcoll
=700  1\$aTupling, Karl.
=710  2\$aSheffield (England).$bCity Council.
=852  41$aBritish Library$bHMNTS$j318056$cDRT
=CAT  \\$a7750$b40$c20041001$lBLL01$h1127
=CAT  \\$a7332$b40$c20050131$lBLL01$h1419
=CAT  \\$a5194$b40$c20050216$lBLL01$h1001
=CAT  \\$a5194$b40$c20050223$lBLL01$h0953
=CAT  \\$aBATCH-UPD$b40$c20070912$lBLL01$h2021
=CAT  \\$aBATCH$b00$c20080505$lBLL01$h1319
=CAT  \\$aWR10_184$c20101208$lBLL01$h1635
=CAT  \\$aBATCH$b00$c20110625$lBLL01$h0510
=CAT  \\$aBATCH-SWP4$c20110627$lBLL01$h1552
=CAT  \\$aWR12-140$c20121030$lBLL01$h1048
=CAT  \\$aWR13.144/5$c20140418$lBLL01$h0926
=FIN  \\$aY$d20050131
=DRT  \\$aVDEP
=STA  \\$aSUPPRESSED$bWR10_184
=LAS  \\$aWR13.144/5$b00$c20140418$lBLL01$h0926

