=LDR  01027 am a22003015a 4500
=001  013009167
=003  Uk
=005  20200417182906.0
=008  041007s\\\\\\\\\\\\\\\\\\\\\\\0\\\\eng\\
=FMT  \\$a  BK
=245  \0$aCharacterisation of fuel cell bases uninteruptable power supply.
=260  \\$aDidcot :$bAEA Technology,$c2004.
=336  \\$atext$2rdacontent
=337  \\$aunmediated$2rdamedia
=338  \\$avolume$2rdacarrier
=852  41$aBritish Library$bHMNTS$j315373$cDRT
=985  \\$aUpgraded by BSS-generated file for WR1910-0531
=CAT  \\$a7750$b40$c20041007$lBLL01$h1630
=CAT  \\$a11249$b40$c20051028$lBLL01$h1042
=CAT  \\$aBATCH-UPD$b40$c20070912$lBLL01$h2021
=CAT  \\$aBATCH$b00$c20080505$lBLL01$h1319
=CAT  \\$aWR10_184$c20101208$lBLL01$h1635
=CAT  \\$aWR12-140$c20121030$lBLL01$h1048
=CAT  \\$aWR13.144/5$c20140418$lBLL01$h0926
=CAT  \\$aW1910-0531$b00$c20200417$lBLL01$h1829
=DRT  \\$aVDEP
=STA  \\$aSUPPRESSED$bWR10_184
=LAS  \\$aW1910-0531$b00$c20200417$lBLL01$h1829

