=LDR  01759 am a2200505 a 4500
=001  013010166
=003  Uk
=005  20050207085231.0
=006  m\\\\|\\\d\|\\\\\\
=007  cr||||||||||||
=008  041010s2003\\\\wlk||||\s\\\\\00|\0\eng\\
=FMT  \\$a  BK
=015  \\$aGBA510334$2bnb
=020  \\$a190015806X (incorrect for item) :$cNo price
=040  \\$aUk$beng$cUk
=042  \\$aukblsr
=082  04$a371.912$222
=100  1\$aLockitt, W. G.$q(William George)
=245  10$aSupporting D/deaf learners in the community$h[electronic resource] :$bproject report : final report /$cProject manager: W.G. Lockitt.
=260  \\$a[Rhyl :$bW.G. Lockitt?],$c2003.
=336  \\$atext$2rdacontent
=337  \\$acomputer$2rdamedia
=338  \\$aonline resource$2rdacarrier
=538  \\$aMode of access: Internet.
=538  \\$aSystem requirements: IBM compatible PC; Windows; Adobe Acrobat Reader.
=500  \\$aTitle from p.1 of PDF file.
=516  \\$aPDF format.
=650  \0$aDeaf$xEducation$zGreat Britain.
=650  \0$aDistance education
=690  7\$aSocial Welfare$2blcoll
=852  41$aBritish Library$bHMNTS$j314320$cDRT
=CAT  \\$a7750$b40$c20041010$lBLL01$h1010
=CAT  \\$a8141$b40$c20050204$lBLL01$h1558
=CAT  \\$a8141$b40$c20050207$lBLL01$h0852
=CAT  \\$aBATCH-UPD$b40$c20070912$lBLL01$h2021
=CAT  \\$aBATCH$b00$c20080505$lBLL01$h1319
=CAT  \\$aWR10_184$c20101208$lBLL01$h1635
=CAT  \\$aBATCH$b00$c20110625$lBLL01$h0510
=CAT  \\$aBATCH-SWP4$c20110627$lBLL01$h1552
=CAT  \\$aWR12-140$c20121030$lBLL01$h1048
=CAT  \\$aWR13.144/5$c20140418$lBLL01$h0926
=FIN  \\$aY$d20050204
=DRT  \\$aVDEP
=STA  \\$aSUPPRESSED$bWR10_184
=LAS  \\$aWR13.144/5$b00$c20140418$lBLL01$h0926

