=LDR  01923 am a2200517 a 4500
=001  013021019
=003  Uk
=005  20050314114254.0
=006  m\\\\|\\\d\|\\\\\\
=007  cr||||||||||||
=008  041023s2004\\\\enk\\\\\s\\\\\000\0\eng\\
=FMT  \\$a  BK
=015  \\$aGBA517149$2bnb
=016  7\$a013021019$2Uk
=020  \\$a1861346417 (print) :$cNo price
=040  \\$aUk$beng$cUk
=042  \\$aukblsr
=082  04$a362.20723$222
=100  1\$aFaulkner, Alison.
=245  14$aThe ethics of survivor research guidelines$h[electronic resource] :$bguidelines for the ethical conduct of research carried out by mental health service users and survivors /$cAlison Faulkner.
=260  \\$aBristol :$bPublished for the Joseph Rowntree Foundation by The Policy Press,$c2004.
=336  \\$atext$2rdacontent
=337  \\$acomputer$2rdamedia
=338  \\$aonline resource$2rdacarrier
=538  \\$aMode of access: World Wide Web.
=538  \\$aSystem requirements: IBM compatible PC; Windows; Adobe Acrobat Reader.
=500  \\$aTitle from PDF title page.
=516  \\$aPDF format.
=530  \\$aAlso issued in print format.
=650  \0$aResearch$xMoral and ethical aspects.
=650  \0$aSocial sciences$xResearch.
=710  2\$aJoseph Rowntree Foundation.
=852  41$aBritish Library$bHMNTS$j315397$cDRT
=CAT  \\$a7750$b40$c20041023$lBLL01$h1313
=CAT  \\$a7750$b40$c20041023$lBLL01$h1322
=CAT  \\$a7332$b40$c20050225$lBLL01$h0937
=CAT  \\$a11249$b40$c20050304$lBLL01$h1552
=CAT  \\$a5194$b40$c20050314$lBLL01$h1142
=CAT  \\$aBATCH$b00$c20080505$lBLL01$h1319
=CAT  \\$aWR13.144/5$c20140418$lBLL01$h0926
=CAT  \\$aWR16_021$c20160610$lBLL01$h1959
=CAT  \\$aW1711-1225$c20171203$lBLL01$h1020
=FIN  \\$aY$d20050225
=DRT  \\$aVDEP
=STA  \\$aSUPPRESSED$bunable to determine reason for suppression
=LAS  \\$aW1711-1225$b00$c20171203$lBLL01$h1020

