=LDR  01862 am a2200529 a 4500
=001  013027209
=003  Uk
=005  20050407162037.0
=006  m\\\\|\\\d\|\\\\\\
=007  cr||||||||||||
=008  041101s2004\\\\enk\\\\\s\\\\o|0|\0\eng\\
=FMT  \\$a  BK
=015  \\$aGBA527145$2bnb
=020  \\$cNo price
=040  \\$aUk$beng$cUk
=042  \\$aukblsr
=082  04$a333.7932$222
=100  1\$aRoberts, D. A.
=245  10$aNetwork management systems for active distribution networks$h[electronic resource] :$ba feasibility study /$c[prepared by D.A. Roberts].
=260  \\$a[London] :$bDTI,$c[2004].
=336  \\$atext$2rdacontent
=337  \\$acomputer$2rdamedia
=338  \\$aonline resource$2rdacarrier
=538  \\$aMode of access: World Wide Web.
=538  \\$aSystem requirements: IBM compatible PC; Windows; Adobe Acrobat Reader.
=500  \\$aTitle from PDF title screen.
=516  \\$aPDF format.
=500  \\$aPublisher's no.: URN 04/1361.
=500  \\$aContract no.: K/EL/00310/REP.
=650  \0$aElectric power distribution$zGreat Britain.
=710  1\$aGreat Britain.$bDepartment of Trade and Industry.
=852  41$aBritish Library$bHMNTS$j315401$cDRT
=985  \\$aRecord amended for WR# 13/070
=CAT  \\$a10902$b40$c20041101$lBLL01$h1601
=CAT  \\$a11281$b40$c20050324$lBLL01$h1104
=CAT  \\$a11278$b40$c20050407$lBLL01$h1620
=CAT  \\$aBATCH-UPD$b40$c20070723$lBLL01$h1545
=CAT  \\$aBATCH-UPD$b40$c20070912$lBLL01$h2021
=CAT  \\$aBATCH$b00$c20080505$lBLL01$h1319
=CAT  \\$aWR10_184$c20101208$lBLL01$h1635
=CAT  \\$aWR12-140$c20121030$lBLL01$h1048
=CAT  \\$aWR13_070$b00$c20130504$lBLL01$h0235
=CAT  \\$aWR13.144/5$c20140418$lBLL01$h0927
=FIN  \\$aY$d20050324
=DRT  \\$aVDEP
=STA  \\$aSUPPRESSED$bWR10_184
=LAS  \\$aWR13.144/5$b00$c20140418$lBLL01$h0927

