=LDR  01253 am a22003135a 4500
=001  013027222
=003  Uk
=005  20200417182911.0
=008  041101s\\\\\\\\\\\\\\\\\\\\\\\0\\\\eng\\
=FMT  \\$a  BK
=245  \0$aNuclear safety programme contract notice for A22/A23-refurbishment of facilities for radioactive waste management in Armenia/development of the programme for the management of the institute of radioactive waste in Armenia.
=260  \\$aLondon :$bDepartment of Trade and Industry,$c2004.
=336  \\$atext$2rdacontent
=337  \\$aunmediated$2rdamedia
=338  \\$avolume$2rdacarrier
=852  41$aBritish Library$bHMNTS$j315384$cDRT
=985  \\$aUpgraded by BSS-generated file for WR1910-0531
=CAT  \\$a10902$b40$c20041101$lBLL01$h1610
=CAT  \\$a10902$b40$c20041101$lBLL01$h1613
=CAT  \\$a11249$b40$c20051102$lBLL01$h1133
=CAT  \\$aBATCH-UPD$b40$c20070912$lBLL01$h2021
=CAT  \\$aBATCH$b00$c20080505$lBLL01$h1319
=CAT  \\$aWR10_184$c20101208$lBLL01$h1635
=CAT  \\$aWR12-140$c20121030$lBLL01$h1048
=CAT  \\$aWR13.144/5$c20140418$lBLL01$h0927
=CAT  \\$aW1910-0531$b00$c20200417$lBLL01$h1829
=DRT  \\$aVDEP
=STA  \\$aSUPPRESSED$bWR10_184
=LAS  \\$aW1910-0531$b00$c20200417$lBLL01$h1829

