=LDR  01074 am a22003135a 4500
=001  013051846
=003  Uk
=005  20200417182919.0
=008  041130s\\\\\\\\\\\\\\\\\\\\\\\0\\\\eng\\
=FMT  \\$a  BK
=020  \\$a1852614277
=245  \0$aSquares annual report 2002: Trafalgar Square and Parliament Square Garden.
=260  \\$aLondon :$bGreater London Authority,$c2002.
=336  \\$atext$2rdacontent
=337  \\$aunmediated$2rdamedia
=338  \\$avolume$2rdacarrier
=852  41$aBritish Library$bHMNTS$j415636$cDRT
=985  \\$aUpgraded by BSS-generated file for WR1910-0531
=CAT  \\$a6524$b40$c20041130$lBLL01$h1543
=CAT  \\$a11249$b40$c20051107$lBLL01$h1430
=CAT  \\$aBATCH-UPD$b40$c20070912$lBLL01$h2021
=CAT  \\$aBATCH$b00$c20080505$lBLL01$h1319
=CAT  \\$aWR10_184$c20101208$lBLL01$h1635
=CAT  \\$aWR12-140$c20121030$lBLL01$h1048
=CAT  \\$aWR13.144/5$c20140418$lBLL01$h0927
=CAT  \\$aW1910-0531$b00$c20200417$lBLL01$h1829
=DRT  \\$aVDEP
=STA  \\$aSUPPRESSED$bWR10_184
=LAS  \\$aW1910-0531$b00$c20200417$lBLL01$h1829

