=LDR  01556 am a2200469 a 4500
=001  013108362
=003  Uk
=005  20050223110904.0
=006  m\\\\|\\\d\|\\\\\\
=007  cr||||||||||||
=008  050210s2004\\\\enk||||\s||||\00|\0\eng\\
=FMT  \\$a  BK
=015  \\$aGBA515052$2bnb
=020  \\$cNo price
=040  \\$aUk$beng$cUk
=042  \\$aukblsr
=082  04$a658.05$222
=100  1\$aBurrows, Clive.
=245  10$aSummary of the PSA evaluations$h[electronic resource] /$cby Clive Burrows.
=260  \\$a[London] :$bOvum,$cc2004.
=336  \\$atext$2rdacontent
=337  \\$acomputer$2rdamedia
=338  \\$aonline resource$2rdacarrier
=538  \\$aMode of access: Internet.
=538  \\$aSystem requirements: IBM compatible PC; Windows; Adobe Acrobat Reader.
=500  \\$aTitle from p.2 of PDF file.
=516  \\$aPDF format.
=650  \0$aBusiness$xComputer programs$xEvaluation.
=650  \0$aProject management$xComputer programs.
=650  \0$aIndustrial management.
=852  41$aBritish Library$bHMNTS$j342882$cDRT
=CAT  \\$a10902$b40$c20050210$lBLL01$h1129
=CAT  \\$a8141$b40$c20050222$lBLL01$h1257
=CAT  \\$a5194$b40$c20050223$lBLL01$h1109
=CAT  \\$a11249$b40$c20070621$lBLL01$h1308
=CAT  \\$aBATCH$b00$c20080505$lBLL01$h1319
=CAT  \\$aWR13.144/5$c20140418$lBLL01$h0929
=CAT  \\$aW1711-1225$c20171203$lBLL01$h1021
=FIN  \\$aY$d20050222
=DRT  \\$aVDEP
=STA  \\$aSUPPRESSED$bunable to determine reason for suppression
=LAS  \\$aW1711-1225$b00$c20171203$lBLL01$h1021

