=LDR  01464 am a2200445 a 4500
=001  013111689
=003  Uk
=005  20050228160521.0
=006  m\\\\|\\\d\|\\\\\\
=007  cr||||||||||||
=008  050215s2003\\\\enk\\\\\s\\\\||0|\0\eng\\
=FMT  \\$a  BK
=015  \\$aGBA517406$2bnb
=020  \\$cNo price
=040  \\$aUk$beng$cUk
=042  \\$aukblsr
=082  04$a004.68$222
=100  1\$aMain, Mark.
=245  10$aGigabit ethernet$h[electronic resource] :$bstrategies for market players /$cMark Main, Iain Stevenson.
=260  \\$aLondon :$bOvum Ltd.,$cc2003.
=336  \\$atext$2rdacontent
=337  \\$acomputer$2rdamedia
=338  \\$aonline resource$2rdacarrier
=538  \\$aMode of access: World Wide Web.
=538  \\$aSystem requirements: IBM compatible PC; Windows; Adobe Acrobat Reader.
=500  \\$aTitle from title screen.
=516  \\$aPDF format.
=650  \0$aEthernet (Local area network system)
=650  \0$aGigabit communications.
=700  1\$aStevenson, Iain.
=852  41$aBritish Library$bHMNTS$j344926$cDRT
=CAT  \\$a6524$b40$c20050215$lBLL01$h1528
=CAT  \\$a11281$b40$c20050228$lBLL01$h1605
=CAT  \\$aBATCH$b00$c20080505$lBLL01$h1319
=CAT  \\$aWR13.144/5$c20140418$lBLL01$h0929
=CAT  \\$aW1711-1225$c20171203$lBLL01$h1021
=FIN  \\$aY$d20050228
=DRT  \\$aVDEP
=STA  \\$aSUPPRESSED$bunable to determine reason for suppression
=LAS  \\$aW1711-1225$b00$c20171203$lBLL01$h1021

