=LDR  01510 am a2200445 a 4500
=001  013114309
=003  Uk
=005  20050228164413.0
=006  m\\\\|\\\d\|\\\\\\
=007  cr||||||||||||
=008  050217s2003\\\\enk\\\\\s\\\\||0|\0\eng\\
=FMT  \\$a  BK
=015  \\$aGBA517413$2bnb
=020  \\$cNo price
=040  \\$aUk$beng$cUk
=042  \\$aukblsr
=082  04$a658.05$222
=100  1\$aGrimme, Katharina.
=245  10$aHosted services in France$h[electronic resource] :$bmoving from 'body shopping' to outsourcing ? /$cKatharina Grimme.
=260  \\$a[London] :$bOvum,$cc2003.
=336  \\$atext$2rdacontent
=337  \\$acomputer$2rdamedia
=338  \\$aonline resource$2rdacarrier
=538  \\$aMode of access: World Wide Web.
=538  \\$aSystem requirements: IBM compatible PC; Windows; Adobe Acrobat Reader.
=500  \\$aTitle from title screen.
=516  \\$aPDF format.
=650  \0$aBusiness communication$zFrance.
=650  \0$aInternet service providers$zFrance.
=650  \0$aBusiness$xComputer programs$zFrance.
=852  41$aBritish Library$bHMNTS$j344931$cDRT
=CAT  \\$a7750$b40$c20050217$lBLL01$h0919
=CAT  \\$a11281$b40$c20050228$lBLL01$h1644
=CAT  \\$aBATCH$b00$c20080505$lBLL01$h1319
=CAT  \\$aWR13.144/5$c20140418$lBLL01$h0929
=CAT  \\$aW1711-1225$c20171203$lBLL01$h1021
=FIN  \\$aY$d20050228
=DRT  \\$aVDEP
=STA  \\$aSUPPRESSED$bunable to determine reason for suppression
=LAS  \\$aW1711-1225$b00$c20171203$lBLL01$h1021

