=LDR  01622 am a2200481 a 4500
=001  013114313
=003  Uk
=005  20050315105132.0
=006  m\\\\|\\\d\|\\\\\\
=007  cr||||||||||||
=008  050217s2003\\\\enk\\\\\s\\\\\000\0\eng\\
=FMT  \\$a  BK
=015  \\$aGBA517441$2bnb
=020  \\$cNo price
=040  \\$aUk$beng$cUk
=042  \\$aukblsr
=082  04$a384.094$222
=100  1\$aHall, Robert,$d1947 November 13-
=245  10$aUniversal service in the EU - the case for radical change.$h[electronic resource] /$cby Robert Hall.
=260  \\$a[Great Britain] :$bOvum Ltd.,$cc2003.
=336  \\$atext$2rdacontent
=337  \\$acomputer$2rdamedia
=338  \\$aonline resource$2rdacarrier
=538  \\$aMode of access: Internet.
=538  \\$aSystem requirements: IBM compatible PC; Windows; Adobe Acrobat Reader.
=500  \\$aTitle from p.1 PDF.
=516  \\$aPDF format.
=650  \0$aTelecommunication policy$zEurope.
=650  \0$aTelecommunication$zEurope.
=710  2\$aOvum (Firm)
=852  41$aBritish Library$bHMNTS$j344973$cDRT
=985  \\$aRecord amended for WR# 13/070
=CAT  \\$a6524$b40$c20050217$lBLL01$h0922
=CAT  \\$a7332$b40$c20050301$lBLL01$h1115
=CAT  \\$a5194$b40$c20050315$lBLL01$h1051
=CAT  \\$aBATCH$b00$c20080505$lBLL01$h1319
=CAT  \\$aWR13_070$b00$c20130504$lBLL01$h0237
=CAT  \\$aWR13.144/5$c20140418$lBLL01$h0929
=CAT  \\$aW1711-1225$c20171203$lBLL01$h1021
=FIN  \\$aY$d20050301
=DRT  \\$aVDEP
=STA  \\$aSUPPRESSED$bunable to determine reason for suppression
=LAS  \\$aW1711-1225$b00$c20171203$lBLL01$h1021

