=LDR  01518 am a2200457 a 4500
=001  013114460
=003  Uk
=005  20050301121857.0
=006  m\\\\|\\\d\|\\\\\\
=007  cr||||||||||||
=008  050217s2003\\\\enk\\\\\s\\\\||0|\0\eng\\
=FMT  \\$a  BK
=015  \\$aGBA517453$2bnb
=020  \\$cNo price
=040  \\$aUk$beng$cUk
=042  \\$aukblsr
=082  04$a338.47004678$222
=100  10$aStevenson, Iain.
=245  10$aBroadband access markets 2003-2007$h[electronic resource] /$cIain Stevenson, Michael Philpott, Mark Main.
=260  \\$a[London] :$bOvum Ltd.,$cc2003.
=336  \\$atext$2rdacontent
=337  \\$acomputer$2rdamedia
=338  \\$aonline resource$2rdacarrier
=538  \\$aMode of access: World Wide Web.
=538  \\$aSystem requirements: IBM compatible PC; Windows; Adobe Acrobat Reader.
=500  \\$aTitle from title screen.
=516  \\$aPDF format.
=650  \0$aInternet telephony$xForecasting.
=700  1\$aPhilpott, Michael.
=700  1\$aMain, Mark.
=852  41$aBritish Library$bHMNTS$j344949$cDRT
=CAT  \\$a6524$b40$c20050217$lBLL01$h1058
=CAT  \\$a11281$b40$c20050301$lBLL01$h1218
=CAT  \\$aBATCH$b00$c20080505$lBLL01$h1319
=CAT  \\$aWR13.144/5$c20140418$lBLL01$h0929
=CAT  \\$aW1711-1225$c20171203$lBLL01$h1021
=CAT  \\$aBATCH-UPD$b00$c20171203$lBLL01$h1120
=FIN  \\$aY$d20050301
=DRT  \\$aVDEP
=STA  \\$aSUPPRESSED$bunable to determine reason for suppression
=LAS  \\$aBATCH-UPD$b00$c20171203$lBLL01$h1120

