=LDR  01481 am a2200445 a 4500
=001  013114538
=003  Uk
=005  20050404152224.0
=006  m\\\\|\\\d\|\\\\\\
=007  cr||||||||||||
=008  050217s2003\\\\enk\\\\\s\\\\\000\0\eng\\
=FMT  \\$a  BK
=015  \\$aGBA517465$2bnb
=040  \\$aUk$beng$cUk
=042  \\$aukblsr
=082  04$a384.5$222
=100  1\$aPhilpott, Michael.
=245  14$aThe broadband FWA business case$h[electronic resource] :$bmyth or reality? /$cby Michael Philpott.
=260  \\$a[Great Britain]:$bOvum Ltd.,$cc2003.
=336  \\$atext$2rdacontent
=337  \\$acomputer$2rdamedia
=338  \\$aonline resource$2rdacarrier
=538  \\$aMode of access: Internet.
=538  \\$aSystem requirements: IBM compatible PC; Windows; Adobe Acrobat Reader.
=500  \\$aTitle from p.1 PDF.
=516  \\$aPDF format.
=650  \0$aBroadband communication systems.
=650  \0$aBusiness$xComputer networks.
=710  2\$aOvum (Firm)
=852  41$aBritish Library$bHMNTS$j344966$cDRT
=CAT  \\$a6524$b40$c20050217$lBLL01$h1129
=CAT  \\$a7332$b40$c20050301$lBLL01$h1346
=CAT  \\$a7332$b40$c20050404$lBLL01$h1522
=CAT  \\$aBATCH$b00$c20080505$lBLL01$h1319
=CAT  \\$aWR13.144/5$c20140418$lBLL01$h0929
=CAT  \\$aW1711-1225$c20171203$lBLL01$h1021
=FIN  \\$aY$d20050301
=DRT  \\$aVDEP
=STA  \\$aSUPPRESSED$bunable to determine reason for suppression
=LAS  \\$aW1711-1225$b00$c20171203$lBLL01$h1021

