=LDR  01644 am a2200493 a 4500
=001  013114943
=003  Uk
=005  20050302114446.0
=006  m\\\\|\\\d\|\\\\\\
=007  cr||||||||||||
=008  050217s2003\\\\enk||||\s||||\00|\0\eng\\
=FMT  \\$a  BK
=015  \\$aGBA517456$2bnb
=020  \\$cNo price
=040  \\$aUk$beng$cUk
=042  \\$aukblsr
=082  04$a384.6409051101$222
=100  1\$aCansfield, Mike.
=245  10$aFinancial prospects for DSL$h[electronic resource] :$cby Mike Cansfield and Michael Philpott.
=260  \\$a[London] :$bOvum,$c2003.
=336  \\$atext$2rdacontent
=337  \\$acomputer$2rdamedia
=338  \\$aonline resource$2rdacarrier
=538  \\$aMode of access: Internet.
=538  \\$aSystem requirements: IBM compatible PC; Windows; Adobe Acrobat Reader.
=500  \\$aTitle from PDF title page.
=516  \\$aPDF format.
=650  \0$aDigital subscriber lines$xEconomic aspects.
=650  \0$aDigital subscriber lines$xForecasting.
=700  1\$aPhilpott, Michael.
=852  41$aBritish Library$bHMNTS$j344923$cDRT
=CAT  \\$a6524$b40$c20050217$lBLL01$h1517
=CAT  \\$a8141$b40$c20050301$lBLL01$h1232
=CAT  \\$a8141$b40$c20050301$lBLL01$h1236
=CAT  \\$a5194$b40$c20050302$lBLL01$h1144
=CAT  \\$aBATCH-UPD$b40$c20070912$lBLL01$h2021
=CAT  \\$aBATCH$b00$c20080505$lBLL01$h1319
=CAT  \\$aWR10_184$c20101208$lBLL01$h1635
=CAT  \\$aWR12-140$c20121030$lBLL01$h1048
=CAT  \\$aWR13.144/5$c20140418$lBLL01$h0929
=FIN  \\$aY$d20050301
=DRT  \\$aVDEP
=STA  \\$aSUPPRESSED$bWR10_184
=LAS  \\$aWR13.144/5$b00$c20140418$lBLL01$h0929

