=LDR  01582 am a2200457 a 4500
=001  013116252
=003  Uk
=005  20050307105009.0
=006  m\\\\|\\\d\|\\\\\\
=007  cr||||||||||||
=008  050221s2005\\\\enk\\\\\s\\\\||0|\0\eng\\
=FMT  \\$a  BK
=015  \\$aGBA519861$2bnb
=020  \\$a1900158086 :$cNo price
=040  \\$aUk$beng$cUk
=042  \\$aukblsr
=082  04$a373.011$222
=100  1\$aLockitt, W. G.$q(William George)
=245  10$aManaging technological innovation in post 14 education and training$h[electronic resource] :$bcompilation of five papers /$cby William G. Lockitt.
=260  \\$aCheadle :$b3T Productions,$c2005.
=336  \\$atext$2rdacontent
=337  \\$acomputer$2rdamedia
=338  \\$aonline resource$2rdacarrier
=538  \\$aMode of access: World Wide Web.
=538  \\$aSystem requirements: IBM compatible PC; Windows; Adobe Acrobat Reader.
=500  \\$aTitle from title screen.
=516  \\$aPDF format.
=650  \0$aEducation, Secondary$zGreat Britain.
=650  \0$aInformation technology.
=852  41$aBritish Library$bHMNTS$j344940$cDRT
=CAT  \\$a10902$b40$c20050221$lBLL01$h0929
=CAT  \\$a11281$b40$c20050307$lBLL01$h1050
=CAT  \\$aBATCH-UPD$b40$c20070912$lBLL01$h2021
=CAT  \\$aBATCH$b00$c20080505$lBLL01$h1319
=CAT  \\$aWR10_184$c20101208$lBLL01$h1635
=CAT  \\$aWR12-140$c20121030$lBLL01$h1048
=CAT  \\$aWR13.144/5$c20140418$lBLL01$h0929
=FIN  \\$aY$d20050307
=DRT  \\$aVDEP
=STA  \\$aSUPPRESSED$bWR10_184
=LAS  \\$aWR13.144/5$b00$c20140418$lBLL01$h0929

