=LDR  01460 am a2200457 a 4500
=001  013117250
=003  Uk
=005  20050303091713.0
=006  m\\\\|\\\d\|\\\\\\
=007  cr||||||||||||
=008  050222s2003\\\\enk\\\\\s\\\\\000\0\eng\\
=FMT  \\$a  BK
=015  \\$aGBA519473$2bnb
=020  \\$cNo price
=040  \\$aUk$beng$cUk
=042  \\$aukblsr
=082  04$a005.8$222
=100  1\$aTitterington, Graham.
=245  10$aSecurity and IP networks$h[electronic resource] /$cby Graham Titterington.
=260  \\$a[London] :$bOvum,$cc2003.
=336  \\$atext$2rdacontent
=337  \\$acomputer$2rdamedia
=338  \\$aonline resource$2rdacarrier
=538  \\$aMode of access: Internet.
=538  \\$aSystem requirements: IBM compatible PC; Windows; Adobe Acrobat Reader.
=500  \\$aTitle from p.2 of PDF file.
=516  \\$aPDF format.
=650  \0$aComputer networks$xSecurity measures.
=710  2\$aOvum (Firm)
=852  41$aBritish Library$bHMNTS$j345041$cDRT
=CAT  \\$a10902$b40$c20050222$lBLL01$h1143
=CAT  \\$a7332$b40$c20050303$lBLL01$h0917
=CAT  \\$aBATCH-UPD$b40$c20070912$lBLL01$h2021
=CAT  \\$aBATCH$b00$c20080505$lBLL01$h1319
=CAT  \\$aWR10_184$c20101208$lBLL01$h1635
=CAT  \\$aWR12-140$c20121030$lBLL01$h1048
=CAT  \\$aWR13.144/5$c20140418$lBLL01$h0929
=FIN  \\$aY$d20050303
=DRT  \\$aVDEP
=STA  \\$aSUPPRESSED$bWR10_184
=LAS  \\$aWR13.144/5$b00$c20140418$lBLL01$h0929

