=LDR  01615 am a2200505 a 4500
=001  013117376
=003  Uk
=005  20050303161104.0
=006  m\\\\|\\\d\|\\\\\\
=007  cr||||||||||||
=008  050222s2003\\\\enk\\\\\s\\\\\000\0\eng\\
=FMT  \\$a  BK
=015  \\$aGBA519514$2bnb
=020  \\$cNo price
=040  \\$aUk$beng$cUk
=042  \\$aukblsr
=082  04$a658.872$222
=100  1\$aJames, David,$d1960-
=245  10$aWholesale voice$h[electronic resource] :$ban overview /$cby David James.
=260  \\$aLondon :$bOvum,$c2003.
=336  \\$atext$2rdacontent
=337  \\$acomputer$2rdamedia
=338  \\$aonline resource$2rdacarrier
=538  \\$aMode of access: Internet.
=538  \\$aSystem requirements: IBM compatible PC; Windows; Adobe Acrobat Reader.
=500  \\$aTitle from p.2 PDF document.
=516  \\$aPDF format.
=650  \0$aTelephone selling.
=650  \0$aTelephone in business.
=650  \0$aWholesale trade.
=690  7\$aManagement and Business Studies$2blcoll
=710  2\$aOvum (Firm)
=852  41$aBritish Library$bHMNTS$j345044$cDRT
=CAT  \\$a10902$b40$c20050222$lBLL01$h1314
=CAT  \\$a7332$b40$c20050303$lBLL01$h1611
=CAT  \\$aBATCH-UPD$b40$c20070912$lBLL01$h2021
=CAT  \\$aBATCH$b00$c20080505$lBLL01$h1319
=CAT  \\$aBATCH$b00$c20090611$lBLL01$h1716
=CAT  \\$aWR10_184$c20101208$lBLL01$h1635
=CAT  \\$aWR12-140$c20121030$lBLL01$h1048
=CAT  \\$aWR13.144/5$c20140418$lBLL01$h0929
=FIN  \\$aY$d20050303
=DRT  \\$aVDEP
=STA  \\$aSUPPRESSED$bWR10_184
=LAS  \\$aWR13.144/5$b00$c20140418$lBLL01$h0929

