=LDR  01516 am a2200469 a 4500
=001  013117407
=003  Uk
=005  20050404152048.0
=006  m\\\\|\\\d\|\\\\\\
=007  cr||||||||||||
=008  050222s2004\\\\enk\\\\\s\\\\\000\0\eng\\
=FMT  \\$a  BK
=015  \\$aGBA519587$2bnb
=020  \\$cNo price
=040  \\$aUk$beng$cUk
=042  \\$aukblsr
=082  04$a384.6$222
=100  1\$aDobardziev, Angel.
=245  10$aDefining the fixed telco's core business$h[electronic resource] /$cby Angel Dobardziev.
=260  \\$a[Great Britain] :$bOvum,$cc2004.
=336  \\$atext$2rdacontent
=337  \\$acomputer$2rdamedia
=338  \\$aonline resource$2rdacarrier
=538  \\$aMode of access: Internet.
=538  \\$aSystem requirements: IBM compatible PC; Windows; Adobe Acrobat Reader.
=500  \\$aTitle from p.2 PDF document.
=516  \\$aPDF format.
=650  \0$aTelephone companies.
=650  \0$aTelecommunication.
=852  41$aBritish Library$bHMNTS$j345034$cDRT
=CAT  \\$a10902$b40$c20050222$lBLL01$h1336
=CAT  \\$a7332$b40$c20050304$lBLL01$h1247
=CAT  \\$a7332$b40$c20050404$lBLL01$h1520
=CAT  \\$aBATCH-UPD$b40$c20070912$lBLL01$h2021
=CAT  \\$aBATCH$b00$c20080505$lBLL01$h1319
=CAT  \\$aWR10_184$c20101208$lBLL01$h1635
=CAT  \\$aWR12-140$c20121030$lBLL01$h1048
=CAT  \\$aWR13.144/5$c20140418$lBLL01$h0929
=FIN  \\$aY$d20050304
=DRT  \\$aVDEP
=STA  \\$aSUPPRESSED$bWR10_184
=LAS  \\$aWR13.144/5$b00$c20140418$lBLL01$h0929

