=LDR  01663 am a2200505 a 4500
=001  013117424
=003  Uk
=005  20050309100107.0
=006  m\\\\|\\\d\|\\\\\\
=007  cr|||\|||a||||
=008  050222s2004\\\\enk||||\s||||\00|\0\eng\\
=FMT  \\$a  BK
=015  \\$aGBA520084$2bnb
=020  \\$cNo price
=040  \\$aUk$beng$cUk
=042  \\$aukblsr
=082  04$a658.4038$222
=100  1\$aWoods, Eric,$cDr.
=245  14$aThe corporate taxonomy :$bcreating a new order /$cby Eric Woods$h[electronic resource] :
=260  \\$a[London] :$bOvum,$c2004.
=336  \\$atext$2rdacontent
=337  \\$acomputer$2rdamedia
=338  \\$aonline resource$2rdacarrier
=538  \\$aMode of access: Internet.
=538  \\$aSystem requirements: IBM compatible PC; Windows; Adobe Acrobat Reader.
=500  \\$aTitle from p.1 of PDF file.
=516  \\$aPDF format.
=650  \0$aClassification.
=650  \0$aKnowledge management.
=650  \0$aInformation resources management.
=690  7\$aManagement and Business Studies$2blcoll
=852  41$aBritish Library$bHMNTS$j345043$cDRT
=CAT  \\$a10902$b40$c20050222$lBLL01$h1345
=CAT  \\$a8141$b40$c20050308$lBLL01$h1222
=CAT  \\$a5194$b44$c20050309$lBLL01$h1001
=CAT  \\$aBATCH-UPD$b44$c20070912$lBLL01$h2021
=CAT  \\$aBATCH$b00$c20080505$lBLL01$h1319
=CAT  \\$aBATCH$b00$c20090611$lBLL01$h1716
=CAT  \\$aWR10_184$c20101208$lBLL01$h1635
=CAT  \\$aWR12-140$c20121030$lBLL01$h1048
=CAT  \\$aWR13.144/5$c20140418$lBLL01$h0929
=FIN  \\$aY$d20050308
=DRT  \\$aVDEP
=STA  \\$aSUPPRESSED$bWR10_184
=LAS  \\$aWR13.144/5$b00$c20140418$lBLL01$h0929

