=LDR  01640 am a2200505 a 4500
=001  013117486
=003  Uk
=005  20050302085806.0
=006  m\\\\|\\\d\|\\\\\\
=007  cr||||||||||||
=008  050222s2004\\\\enk||||\s||||\00|\0\eng\\
=FMT  \\$a  BK
=015  \\$aGBA517376$2bnb
=020  \\$cNo price
=040  \\$aUk$beng$cUk
=042  \\$aukblsr
=082  04$a005.432$222
=100  1\$aLachal, Laurent.
=245  10$aLinux: into the enterprise.$h[electronic resource] :$binto the enterprise /$cLaurent Lachal, Gary Barnett.
=260  \\$a[London] :$bOvum,$c2004.
=336  \\$atext$2rdacontent
=337  \\$acomputer$2rdamedia
=338  \\$aonline resource$2rdacarrier
=538  \\$aMode of access: Internet.
=538  \\$aSystem requirements: IBM compatible PC; Windows; Adobe Acrobat Reader.
=500  \\$aTitle from p.1 of PDF file.
=516  \\$aPDF format.
=630  00$aLinux.
=650  \0$aOperating systems (Computers)
=650  \0$aOpen source software.
=650  \0$aClient/server computing.
=700  1\$aBarnett, Gary,$d1970-
=852  41$aBritish Library$bHMNTS$j345037$cDRT
=CAT  \\$a10902$b40$c20050222$lBLL01$h1415
=CAT  \\$a8141$b40$c20050228$lBLL01$h1347
=CAT  \\$a5194$b40$c20050302$lBLL01$h0858
=CAT  \\$aBATCH-UPD$b40$c20070912$lBLL01$h2021
=CAT  \\$aBATCH$b00$c20080505$lBLL01$h1319
=CAT  \\$aWR10_184$c20101208$lBLL01$h1635
=CAT  \\$aWR12-140$c20121030$lBLL01$h1048
=CAT  \\$aWR13.144/5$c20140418$lBLL01$h0929
=FIN  \\$aY$d20050228
=DRT  \\$aVDEP
=STA  \\$aSUPPRESSED$bWR10_184
=LAS  \\$aWR13.144/5$b00$c20140418$lBLL01$h0929

