=LDR  01746 am a2200505 a 4500
=001  013117532
=003  Uk
=005  20050309100239.0
=006  m\\\\|\\\d\|\\\\\\
=007  cr||||||||||||
=008  050222s2003\\\\enk\\\\\s\\\\||0|\0\eng\\
=FMT  \\$a  BK
=015  \\$aGBA522076$2bnb
=020  \\$a1904173276 (print) :$cNo price
=040  \\$aUk$beng$cUk
=042  \\$aukblsr
=082  04$a338.4733112910040941$222
=100  1\$aSargeant, Tola.
=245  14$aThe UK IT staff agency market 2003$h[electronic resource] /$cTola Sargeant.
=260  \\$aLondon :$bOvum Holway,$cc2003.
=336  \\$atext$2rdacontent
=337  \\$acomputer$2rdamedia
=338  \\$aonline resource$2rdacarrier
=538  \\$aMode of access: World Wide Web.
=538  \\$aSystem requirements: IBM compatible PC; Windows; Adobe Acrobat Reader.
=500  \\$aTitle from title screen.
=516  \\$aPDF format.
=650  \0$aEmployment agencies$zGreat Britain.
=650  \0$aInformation technology$zGreat Britain.
=650  \0$aEmployees$xRecruiting$zGreat Britain.
=650  \0$aComputer industry$zGreat Britain$xEmployees.
=690  7\$aManagement and Business Studies$2blcoll
=852  41$aBritish Library$bHMNTS$j345042$cDRT
=CAT  \\$a10902$b40$c20050222$lBLL01$h1433
=CAT  \\$a11281$b40$c20050309$lBLL01$h1002
=CAT  \\$aBATCH-UPD$b40$c20070912$lBLL01$h2021
=CAT  \\$aBATCH$b00$c20080505$lBLL01$h1319
=CAT  \\$aBATCH$b00$c20090611$lBLL01$h1716
=CAT  \\$aWR10_184$c20101208$lBLL01$h1635
=CAT  \\$aWR12-140$c20121030$lBLL01$h1048
=CAT  \\$aWR13.144/5$c20140418$lBLL01$h0929
=FIN  \\$aY$d20050309
=DRT  \\$aVDEP
=STA  \\$aSUPPRESSED$bWR10_184
=LAS  \\$aWR13.144/5$b00$c20140418$lBLL01$h0929

