=LDR  01629 am a2200505 a 4500
=001  013117552
=003  Uk
=005  20050308144122.0
=006  m\\\\|\\\d\|\\\\\\
=007  cr|||\|||a||||
=008  050222s2003\\\\enk||||\s||||\00|\0\eng\\
=FMT  \\$a  BK
=015  \\$aGBA520114$2bnb
=020  \\$cNo price
=040  \\$aUk$beng$cUk
=042  \\$aukblsr
=082  04$a384.33$222
=100  1\$aNichols, Eirwen.
=245  10$aIP transit$h[electronic resource] :$bbusiness for the big boys /$cby Eirwen Nichols.
=260  \\$a[London] :$bOvum,$c2003.
=336  \\$atext$2rdacontent
=337  \\$acomputer$2rdamedia
=338  \\$aonline resource$2rdacarrier
=538  \\$aMode of access: Internet.
=538  \\$aSystem requirements: IBM compatible PC; Windows; Adobe Acrobat Reader.
=500  \\$aTitle from PDF title page.
=516  \\$aPDF format.
=650  \0$aInternet service providers.
=650  \0$aInternet service providers$xRates
=650  \0$aInternet industry.
=650  \0$aComputer networks.
=650  \0$aInternet$xEconomic aspects.
=650  \0$aInternet$xForecasting.
=852  41$aBritish Library$bHMNTS$j345036$cDRT
=CAT  \\$a10902$b40$c20050222$lBLL01$h1442
=CAT  \\$a8141$b40$c20050308$lBLL01$h1441
=CAT  \\$aBATCH-UPD$b40$c20070912$lBLL01$h2021
=CAT  \\$aBATCH$b00$c20080505$lBLL01$h1319
=CAT  \\$aWR10_184$c20101208$lBLL01$h1635
=CAT  \\$aWR12-140$c20121030$lBLL01$h1048
=CAT  \\$aWR13.144/5$c20140418$lBLL01$h0929
=FIN  \\$aY$d20050308
=DRT  \\$aVDEP
=STA  \\$aSUPPRESSED$bWR10_184
=LAS  \\$aWR13.144/5$b00$c20140418$lBLL01$h0929

