=LDR  01709 am a2200505 a 4500
=001  013117629
=003  Uk
=005  20050308162729.0
=006  m\\\\|\\\d\|\\\\\\
=007  cr|||\|||a||||
=008  050222s2003\\\\enk||||\s||||\00|\0\eng\\
=FMT  \\$a  BK
=015  \\$aGBA520149$2bnb
=020  \\$a1904173284 :$cNo price
=040  \\$aUk$beng$cUk
=042  \\$aukblsr
=082  04$a338.7616584058$222
=100  1\$aCodling, Phil.
=245  10$aBPO : trends and opportunities in the UK market$h[electronic resource] /$cPhil Codling, Anthony Miller.
=260  \\$a[London] :$bOvum,$c2003.
=336  \\$atext$2rdacontent
=337  \\$acomputer$2rdamedia
=338  \\$aonline resource$2rdacarrier
=538  \\$aMode of access: Internet.
=538  \\$aSystem requirements: IBM compatible PC; Windows; Adobe Acrobat Reader.
=500  \\$aTitle from PDF title page.
=516  \\$aPDF format.
=650  \0$aContracting out$xEconomic aspects$zGreat Britain.
=690  7\$aManagement and Business Studies$2blcoll
=700  1\$aMiller, Anthony,$d1952-
=710  2\$aOvum Holway.
=852  41$aBritish Library$bHMNTS$j345029$cDRT
=CAT  \\$a10902$b40$c20050222$lBLL01$h1526
=CAT  \\$a8141$b40$c20050308$lBLL01$h1608
=CAT  \\$a8141$b40$c20050308$lBLL01$h1627
=CAT  \\$aBATCH-UPD$b40$c20070912$lBLL01$h2021
=CAT  \\$aBATCH$b00$c20080505$lBLL01$h1319
=CAT  \\$aBATCH$b00$c20090611$lBLL01$h1716
=CAT  \\$aWR10_184$c20101208$lBLL01$h1635
=CAT  \\$aWR12-140$c20121030$lBLL01$h1048
=CAT  \\$aWR13.144/5$c20140418$lBLL01$h0929
=FIN  \\$aY$d20050308
=DRT  \\$aVDEP
=STA  \\$aSUPPRESSED$bWR10_184
=LAS  \\$aWR13.144/5$b00$c20140418$lBLL01$h0929

