=LDR  01809 am a2200517 a 4500
=001  013126368
=003  Uk
=005  20050316112011.0
=006  m\\\\|\\\d\|\\\\\\
=007  cr||||||||||||
=008  050303s2004\\\\enk\\\\\s\\\\o|0|\0\eng\\
=FMT  \\$a  BK
=015  \\$aGBA524118$2bnb
=020  \\$cNo price
=040  \\$aUk$beng$cUk
=042  \\$aukblsr
=082  04$a344.410189$222
=245  00$aInforming and consulting employees$h[electronic resource] :$ba brief guide to the new legislation.
=260  \\$a[London :$bDTI,$c2004].
=336  \\$atext$2rdacontent
=337  \\$acomputer$2rdamedia
=338  \\$aonline resource$2rdacarrier
=538  \\$aMode of access: World Wide Web.
=538  \\$aSystem requirements: IBM compatible PC; Windows.
=500  \\$aTitle from title screen.
=516  \\$aWord format.
=650  \0$aEmployee rights$zGreat Britain.
=650  \0$aLabor laws and legislation$zGreat Britain.
=650  \0$aManagement$xEmployee participation$xLaw and legislation$zGreat Britain.
=710  1\$aGreat Britain.$bDepartment of Trade and Industry.
=852  41$aBritish Library$bHMNTS$cDRT$j346029
=985  \\$aRecord amended for WR# 13/070
=CAT  \\$a6524$b40$c20050303$lBLL01$h1110
=CAT  \\$a6524$b40$c20050303$lBLL01$h1111
=CAT  \\$a11281$b40$c20050316$lBLL01$h1120
=CAT  \\$aBATCH-UPD$b40$c20070723$lBLL01$h1549
=CAT  \\$aBATCH-UPD$b40$c20070912$lBLL01$h2021
=CAT  \\$aBATCH$b00$c20080505$lBLL01$h1319
=CAT  \\$aWR10_184$c20101208$lBLL01$h1635
=CAT  \\$aWR12-140$c20121030$lBLL01$h1048
=CAT  \\$aWR13_070$b00$c20130504$lBLL01$h0237
=CAT  \\$aWR13.144/5$c20140418$lBLL01$h0929
=FIN  \\$aY$d20050316
=DRT  \\$aVDEP
=STA  \\$aSUPPRESSED$bWR10_184
=LAS  \\$aWR13.144/5$b00$c20140418$lBLL01$h0929

