=LDR  01123 am a22003375a 4500
=001  013126437
=003  Uk
=005  20200417182944.0
=008  050303s\\\\\\\\\\\\\\\\\\\\\\\0\\\\eng\\
=FMT  \\$a  BK
=245  \0$aModel contract research agreement :$bLambert 5.
=260  \\$aLondon :$bDTI,$c2005.
=336  \\$atext$2rdacontent
=337  \\$aunmediated$2rdamedia
=338  \\$avolume$2rdacarrier
=500  \\$aURN 05/816e
=852  41$aBritish Library$bHMNTS$j346035$cDRT
=985  \\$aUpgraded by BSS-generated file for WR1910-0531
=CAT  \\$a6524$b40$c20050303$lBLL01$h1152
=CAT  \\$a6524$b40$c20050303$lBLL01$h1153
=CAT  \\$a6524$b40$c20050303$lBLL01$h1203
=CAT  \\$a11249$b40$c20051102$lBLL01$h1126
=CAT  \\$aBATCH-UPD$b40$c20070912$lBLL01$h2021
=CAT  \\$aBATCH$b00$c20080505$lBLL01$h1319
=CAT  \\$aWR10_184$c20101208$lBLL01$h1635
=CAT  \\$aWR12-140$c20121030$lBLL01$h1048
=CAT  \\$aWR13.144/5$c20140418$lBLL01$h0929
=CAT  \\$aW1910-0531$b00$c20200417$lBLL01$h1829
=DRT  \\$aVDEP
=STA  \\$aSUPPRESSED$bWR10_184
=LAS  \\$aW1910-0531$b00$c20200417$lBLL01$h1829

