=LDR  01854 am a2200541 a 4500
=001  013138175
=003  Uk
=005  20050323145257.0
=006  m\\\\|\\\d\|\\\\\\
=007  cr||||||||||||
=008  050318s2004\\\\enk\\\\\s\\\\||0|\0\eng\\
=FMT  \\$a  BK
=015  \\$aGBA527088$2bnb
=020  \\$a185449600X :$cNo price
=040  \\$aUk$beng$cUk
=042  \\$aukblsr
=082  04$a657.45$222
=100  1\$aBasioudis, Ilias G.$q(Ilias Grigorios)
=245  10$aStakeholders and auditor's industry specialisation$h[electronic resource] /$cby Ilias G. Basioudis & Jimmy Suryo Sharmadji.
=260  \\$aBirmingham :$bAston Business School,$c2004.
=336  \\$atext$2rdacontent
=337  \\$acomputer$2rdamedia
=338  \\$aonline resource$2rdacarrier
=490  0\$aAston Business School research papers$vRP0424
=538  \\$aMode of access: World Wide Web.
=538  \\$aSystem requirements: IBM compatible PC; Windows.
=500  \\$aTitle from title screen.
=516  \\$aWord format.
=650  \0$aAuditors.
=650  \0$aAuditor-client relationships.
=650  \0$aSpecialists.
=690  7\$aManagement and Business Studies$2blcoll
=700  1\$aSuryo Sharmadji, Jimmy.
=710  2\$aAston Business School.
=852  41$aBritish Library$bHMNTS$cDRT$j359768
=CAT  \\$a6524$b40$c20050318$lBLL01$h0830
=CAT  \\$a6524$b40$c20050318$lBLL01$h0834
=CAT  \\$a11281$b40$c20050323$lBLL01$h1452
=CAT  \\$aBATCH-UPD$b40$c20070912$lBLL01$h2021
=CAT  \\$aBATCH$b00$c20080505$lBLL01$h1320
=CAT  \\$aBATCH$b00$c20090611$lBLL01$h1717
=CAT  \\$aWR10_184$c20101208$lBLL01$h1635
=CAT  \\$aWR12-140$c20121030$lBLL01$h1048
=CAT  \\$aWR13.144/5$c20140418$lBLL01$h0930
=FIN  \\$aY$d20050323
=DRT  \\$aVDEP
=STA  \\$aSUPPRESSED$bWR10_184
=LAS  \\$aWR13.144/5$b00$c20140418$lBLL01$h0930

