=LDR  02313 am a2200649 a 4500
=001  013138192
=003  Uk
=005  20050405113203.0
=006  m\\\\|\\\d\|\\\\\\
=007  cr||n\|||a||||
=008  050318s2004\\\\enk||||\s||||\00|\0\eng\\
=FMT  \\$a  BK
=015  \\$aGBA527092$2bnb
=020  \\$a1854496700 :$cNo price
=040  \\$aUk$beng$cUk
=042  \\$aukblsr
=082  04$a303.372$222
=100  1\$aGrojean, Michael.
=245  10$aFrom values to performance$h[electronic resource] :$bit's the journey that changes the traveller /$cby Michael Grojean & Jeffrey L. Thomas.
=260  \\$aBirmingham :$bAston Business School,$c2004.
=336  \\$atext$2rdacontent
=337  \\$acomputer$2rdamedia
=338  \\$aonline resource$2rdacarrier
=490  1\$aAston Business School research papers ;$vRP0437
=538  \\$aMode of access: Internet.
=538  \\$aSystem requirements: IBM compatible PC; Windows; Microsoft Word.
=500  \\$aTitle from p.1 of Word file.
=516  \\$aWord for Windows format.
=650  \0$aOrganizational behavior.
=650  \0$aSocialization.
=650  \0$aMilitary socialization$zUnited States.
=650  \0$aValues.
=650  \0$aOrganizational effectiveness.
=650  \0$aArmed forces$zUnited States.
=690  7\$aSocial Welfare$2blcoll
=700  1\$aThomas, Jeffrey L.
=710  2\$aAston Business School.
=830  \0$aAston Business School research papers ;$vRP0437.
=852  41$aBritish Library$bHMNTS$cDRT$j359751
=CAT  \\$a6524$b40$c20050318$lBLL01$h0848
=CAT  \\$a6524$b40$c20050318$lBLL01$h0849
=CAT  \\$a8141$b40$c20050323$lBLL01$h1502
=CAT  \\$a5194$b40$c20050405$lBLL01$h1132
=CAT  \\$aBATCH-UPD$b40$c20070912$lBLL01$h2021
=CAT  \\$aBATCH$b00$c20080505$lBLL01$h1320
=CAT  \\$aBATCH$b00$c20091217$lBLL01$h0346
=CAT  \\$aBATCH-UPD$b00$c20100910$lBLL01$h2019
=CAT  \\$aWR10_184$c20101208$lBLL01$h1635
=CAT  \\$aBATCH$b00$c20110625$lBLL01$h0513
=CAT  \\$aBATCH-SWP4$c20110627$lBLL01$h1555
=CAT  \\$aWR12-140$c20121030$lBLL01$h1048
=CAT  \\$aWR13.144/5$c20140418$lBLL01$h0930
=CAT  \\$aBATCH-UPD$b00$c20180321$lBLL01$h1932
=FIN  \\$aY$d20050323
=DRT  \\$aVDEP
=STA  \\$aSUPPRESSED$bWR10_184
=LAS  \\$aBATCH-UPD$b00$c20180321$lBLL01$h1932

