=LDR  01794 am a2200517 a 4500
=001  013166471
=003  Uk
=005  20050331105042.0
=006  m\\\\|\\\d\|\\\\\\
=007  cr|bn\|||a||||
=008  050330s2005\\\\enk\\\\\s\\\\o000\0\eng\\
=FMT  \\$a  BK
=015  \\$aGBA527499$2bnb
=040  \\$aUk$beng$cUk
=042  \\$aukblsr
=082  04$a621.312429$222
=245  00$aPressurisation of IP-SOFC technology for second generation hybrid application.$h[electronic resource] /$cprepared by L. Jones.
=260  \\$a[London :$bDTI],$c2005.
=336  \\$atext$2rdacontent
=337  \\$acomputer$2rdamedia
=338  \\$aonline resource$2rdacarrier
=538  \\$aMode of access: World Wide Web.
=538  \\$aSystem requirements: IBM compatible PC; Windows; Adobe Acrobat Reader.
=500  \\$aTitle from PDF title page.
=516  \\$aIn PDF format.
=500  \\$aContract no.: F/01/00278/00/00.
=500  \\$aURN no.: 05/950.
=650  \0$aEnergy development.
=650  \0$aSolid oxide fuel cells.
=710  1\$aGreat Britain.$bDepartment of Trade and Industry.
=852  41$aBritish Library$bHMNTS$j359762$cDRT
=985  \\$aRecord amended for WR# 13/070
=CAT  \\$a6524$b40$c20050330$lBLL01$h0846
=CAT  \\$a6524$b40$c20050330$lBLL01$h0848
=CAT  \\$a6524$b40$c20050330$lBLL01$h0852
=CAT  \\$a7332$b40$c20050331$lBLL01$h1050
=CAT  \\$aBATCH-UPD$b40$c20070912$lBLL01$h2021
=CAT  \\$aBATCH$b00$c20080505$lBLL01$h1320
=CAT  \\$aWR10_184$c20101208$lBLL01$h1635
=CAT  \\$aWR12-140$c20121030$lBLL01$h1048
=CAT  \\$aWR13_070$b00$c20130504$lBLL01$h0239
=CAT  \\$aWR13.144/5$c20140418$lBLL01$h0930
=FIN  \\$aY$d20050331
=DRT  \\$aVDEP
=STA  \\$aSUPPRESSED$bWR10_184
=LAS  \\$aWR13.144/5$b00$c20140418$lBLL01$h0930

