=LDR  01883 am a2200541 a 4500
=001  013167805
=003  Uk
=005  20050401100549.0
=006  m\\\\|\\\d\|\\\\\\
=007  cr||||||||||||
=008  050401s2005\\\\enk\\\\\s\\\\o|0|\0\eng\\
=FMT  \\$a  BK
=015  \\$aGBA527616$2bnb
=020  \\$cNo price
=040  \\$aUk$beng$cUk
=042  \\$aukblsr
=082  04$a665.81$222
=100  1\$aBaker, J. N.
=245  10$aEvaluation of hydrogen demonstration systems$h[electronic resource] :$b(task 18 of IEA implementing agreement of hydrogen) /$cprepared by J.N. Baker and S. Carter.
=260  \\$a[London] :$bDTI,$c2005.
=336  \\$atext$2rdacontent
=337  \\$acomputer$2rdamedia
=338  \\$aonline resource$2rdacarrier
=538  \\$aMode of access: World Wide Web.
=538  \\$aSystem requirements: IBM compatible PC; Windows; Adobe Acrobat Reader.
=500  \\$aTitle from PDF title screen.
=516  \\$aPDF format.
=500  \\$aPublisher's no.: URN 05/905.
=500  \\$aContract no.: F/04/00279/00/00.
=650  \0$aHydrogen as fuel.
=700  1\$aCarter, S.
=710  1\$aGreat Britain.$bDepartment of Trade and Industry.
=852  41$aBritish Library$bHMNTS$j359749$cDRT
=985  \\$aRecord amended for WR# 13/070
=CAT  \\$a6524$b40$c20050401$lBLL01$h0917
=CAT  \\$a6524$b40$c20050401$lBLL01$h0918
=CAT  \\$a11281$b40$c20050401$lBLL01$h1005
=CAT  \\$aBATCH-UPD$b40$c20070723$lBLL01$h1549
=CAT  \\$aBATCH-UPD$b40$c20070912$lBLL01$h2021
=CAT  \\$aBATCH$b00$c20080505$lBLL01$h1320
=CAT  \\$aWR10_184$c20101208$lBLL01$h1635
=CAT  \\$aWR12-140$c20121030$lBLL01$h1048
=CAT  \\$aWR13_070$b00$c20130504$lBLL01$h0239
=CAT  \\$aWR13.144/5$c20140418$lBLL01$h0930
=FIN  \\$aY$d20050401
=DRT  \\$aVDEP
=STA  \\$aSUPPRESSED$bWR10_184
=LAS  \\$aWR13.144/5$b00$c20140418$lBLL01$h0930

