=LDR  02241 am a2200577 a 4500
=001  013168817
=003  Uk
=005  20050425120638.0
=006  m\\\\|\\\d\|\\\\\\
=007  cr|cn\||||||||
=008  050404s2005\\\\enk||||\s||||\00|\0\eng\\
=FMT  \\$a  BK
=015  \\$aGBA534471$2bnb
=020  \\$cNo price
=040  \\$aUk$beng$cUk
=042  \\$aukblsr
=082  04$a792.80942$222
=100  1\$aKimber, Robert M. J.
=245  10$aBallet chronicles$h[electronic resource] :$bThe Royal Ballet, Birmingham Royal Ballet, The Royal Ballet School.
=250  \\$a2nd ed.
=260  \\$aLondon :$b[Robert M.J. Kimber],$cc2005.
=336  \\$atext$2rdacontent
=337  \\$acomputer$2rdamedia
=338  \\$aonline resource$2rdacarrier
=538  \\$aMode of access: Internet via ftp.
=538  \\$aSystem requirements: IBM compatible PC; Windows; Adobe Acrobat Reader.
=500  \\$aTitle from title screen.
=500  \\$aRepertoires written by Robert J.M. Kimber; the Histories written by Nisa J. Davies.
=500  \\$aEd. statement from Introduction.
=520  \\$aAn account of the entire repertoires of the Royal Ballet, Birmingham Royal Ballet, and the Royal Ballet School from their inception to date, along with brief histories of all three institutions.
=610  20$aRoyal Ballet$xHistory.
=610  20$aRoyal Ballet$xPerformances.
=610  20$aBirmingham Royal Ballet$xHistory.
=610  20$aBirmingham Royal Ballet$xPerformances.
=610  20$aRoyal Ballet.$bSchool$xHistory.
=610  20$aRoyal Ballet.$bSchool$xPerformances.
=650  \0$aBallet$zGreat Britain$xHistory.
=700  1\$aDavies, Nisa J.
=852  41$aBritish Library$bHMNTS$j341852$cDRT
=CAT  \\$a6156$b40$c20050404$lBLL01$h1704
=CAT  \\$a8141$b40$c20050420$lBLL01$h1332
=CAT  \\$a8141$b40$c20050420$lBLL01$h1335
=CAT  \\$a5194$b40$c20050422$lBLL01$h1452
=CAT  \\$a11279$b40$c20050425$lBLL01$h1206
=CAT  \\$aBATCH$b00$c20080505$lBLL01$h1320
=CAT  \\$aWR13.144/5$c20140418$lBLL01$h0930
=CAT  \\$aW1711-1225$c20171203$lBLL01$h1021
=FIN  \\$aY$d20050420
=DRT  \\$aVDEP
=STA  \\$aSUPPRESSED$bunable to determine reason for suppression
=LAS  \\$aW1711-1225$b00$c20171203$lBLL01$h1021

