=LDR  02004 am a2200553 a 4500
=001  013172522
=003  Uk
=005  20050411110439.0
=006  m\\\\|\\\d\|\\\\\\
=007  cr||n|||||||||
=008  050408s2005\\\\enkb\\\\s\\\\||||\0\eng\\
=FMT  \\$a  BK
=015  \\$aGBA530402$2bnb
=020  \\$cNo price
=040  \\$aUk$beng$cUk
=042  \\$aukblsr
=082  04$a668.9$222
=100  1\$aLodeiro, M. J.$q(Maria J.)
=245  10$aCure monitoring techniques for polymer composites, adhesives and coatings$h[electronic resource] /$cM.J. Lodeiro and D.R. Mulligan.
=260  \\$aTeddington :$bNational Physical Laboratory,$c2005.
=336  \\$atext$2rdacontent
=337  \\$acomputer$2rdamedia
=338  \\$aonline resource$2rdacarrier
=490  1\$aMeasurement good practice guide,$x1368-6550 ;$vno. 75
=538  \\$aMode of access: World Wide Web.
=538  \\$aSystem requirements: IBM compatible PC; Windows; Adobe Acrobat Reader.
=500  \\$aTitle from PDF title screen.
=516  \\$aPDF format.
=504  \\$aIncludes bibliographical references.
=650  \0$aPolymers.
=700  1\$aMulligan, D. R.$q(David Richard),$d1972-
=710  2\$aNational Physical Laboratory (Great Britain)
=830  \0$aMeasurement good practice guide,$x1368-6550 ;$vno. 75
=852  41$aBritish Library$bHMNTS$j359742$cDRT
=CAT  \\$a6524$b40$c20050408$lBLL01$h0909
=CAT  \\$a6524$b40$c20050408$lBLL01$h0911
=CAT  \\$a11281$b40$c20050411$lBLL01$h0941
=CAT  \\$a11278$b40$c20050411$lBLL01$h1020
=CAT  \\$a11278$b40$c20050411$lBLL01$h1104
=CAT  \\$aBATCH-UPD$b40$c20070912$lBLL01$h2021
=CAT  \\$aBATCH$b00$c20080505$lBLL01$h1320
=CAT  \\$aBATCH$b00$c20091217$lBLL01$h0348
=CAT  \\$aWR10_184$c20101208$lBLL01$h1635
=CAT  \\$aWR12-140$c20121030$lBLL01$h1048
=CAT  \\$aWR13.144/5$c20140418$lBLL01$h0930
=FIN  \\$aY$d20050411
=DRT  \\$aVDEP
=STA  \\$aSUPPRESSED$bWR10_184
=LAS  \\$aWR13.144/5$b00$c20140418$lBLL01$h0930

