=LDR  01562 am a2200481 a 4500
=001  013172837
=003  Uk
=005  20050415092011.0
=006  m\\\\|\\\d\|\\\\\\
=007  cr||n|||||||||
=008  050408s2005\\\\enk\\\\\s\\\\||0|\0\eng\\
=FMT  \\$a  BK
=015  \\$aGBA532302$2bnb
=020  \\$a1842800965 :$cNo price
=040  \\$aUk$beng$cUk
=042  \\$aukblsr
=082  04$a325.32$222
=100  1\$aJohnstone-Bryden, Ian M.
=245  14$aThe new imperialism$h[electronic resource] /$cIan M. Johnstone-Bryden.
=260  \\$aHalesworth :$bNighthawk,$cc2005.
=336  \\$atext$2rdacontent
=337  \\$acomputer$2rdamedia
=338  \\$aonline resource$2rdacarrier
=490  1\$aThings you should know
=538  \\$aMode of access: World Wide Web.
=538  \\$aSystem requirements: IBM compatible PC; Windows; Adobe Acrobat Reader.
=500  \\$aTitle from PDF title screen.
=516  \\$aPDF format.
=650  \0$aImperialism.
=830  \0$aThings you should know
=852  41$aBritish Library$bHMNTS$j359774$cDRT
=CAT  \\$a6524$b40$c20050408$lBLL01$h1354
=CAT  \\$a11281$b40$c20050415$lBLL01$h0920
=CAT  \\$aBATCH-UPD$b40$c20070912$lBLL01$h2021
=CAT  \\$aBATCH$b00$c20080505$lBLL01$h1320
=CAT  \\$aBATCH$b00$c20091217$lBLL01$h0348
=CAT  \\$aWR10_184$c20101208$lBLL01$h1635
=CAT  \\$aWR12-140$c20121030$lBLL01$h1048
=CAT  \\$aWR13.144/5$c20140418$lBLL01$h0930
=FIN  \\$aY$d20050415
=DRT  \\$aVDEP
=STA  \\$aSUPPRESSED$bWR10_184
=LAS  \\$aWR13.144/5$b00$c20140418$lBLL01$h0930

