=LDR  02057 am a2200577 a 4500
=001  013173247
=003  Uk
=005  20050413144009.0
=006  m\\\\|\\\d\|\\\\\\
=007  cr||n|||||||||
=008  050411s2002\\\\enk\\\\\sb\\\||0|\0\eng\\
=FMT  \\$a  BK
=015  \\$aGBA532076$2bnb
=020  \\$a1840293071 :$cNo price
=040  \\$aUk$beng$cUk
=042  \\$aukblsr
=082  04$a621.4838$222
=100  1\$aBailey, L. E. F.$q(Lucy E. F.)
=245  10$aDevelopment of waste package evolution scenarios for the Nirex phased disposal concept$h[electronic resource] /$cL.E.F. Bailey and D.P. Hodgkinson.
=260  \\$a[Didcot] :$bUK Nirex Ltd,$c2002.
=336  \\$atext$2rdacontent
=337  \\$acomputer$2rdamedia
=338  \\$aonline resource$2rdacarrier
=490  1\$aNirex Report ;$vno. N/062
=538  \\$aMode of access: World Wide Web.
=538  \\$aSystem requirements: IBM compatible PC; Windows; Adobe Acrobat Reader.
=500  \\$aTitle from PDF title screen.
=516  \\$aPDF format.
=504  \\$aIncludes bibliographical references.
=650  \0$aRadioactive waste disposal$zGreat Britain.
=650  \0$aRadioactive substances$zGreat Britain.
=700  1\$aHodgkinson, D. P.$q(David P.).
=710  2\$aNIREX.
=830  \0$aNirex Report ;$vno. N/062
=852  41$aBritish Library$bHMNTS$j359743$cDRT
=CAT  \\$a7750$b40$c20050411$lBLL01$h1042
=CAT  \\$a7750$b40$c20050411$lBLL01$h1044
=CAT  \\$a7750$b40$c20050411$lBLL01$h1112
=CAT  \\$a11281$b40$c20050413$lBLL01$h1112
=CAT  \\$a5194$b40$c20050413$lBLL01$h1440
=CAT  \\$aBATCH-UPD$b40$c20070912$lBLL01$h2021
=CAT  \\$aBATCH$b00$c20080505$lBLL01$h1320
=CAT  \\$aBATCH$b00$c20091217$lBLL01$h0348
=CAT  \\$aWR10_184$c20101208$lBLL01$h1635
=CAT  \\$aWR12-140$c20121030$lBLL01$h1048
=CAT  \\$aWR13.144/5$c20140418$lBLL01$h0930
=CAT  \\$aBATCH-UPD$b00$c20201003$lBLL01$h1730
=FIN  \\$aY$d20050413
=DRT  \\$aVDEP
=STA  \\$aSUPPRESSED$bWR10_184
=LAS  \\$aBATCH-UPD$b00$c20201003$lBLL01$h1730

