=LDR  02060 am a2200577 a 4500
=001  013173258
=003  Uk
=005  20050413161245.0
=006  m\\\\|\\\d\|\\\\\\
=007  cr||n|||||||||
=008  050411s2004\\\\enk\\\\\sb\\\||0|\0\eng\\
=FMT  \\$a  BK
=015  \\$aGBA532090$2bnb
=020  \\$a184029308X :$cNo price
=040  \\$aUk$beng$cUk
=042  \\$aukblsr
=082  04$a621.4838$222
=100  1\$aHutchinson, D. L.$q(David L.)
=245  14$aThe use of the generic transport safety assessment in the Nirex waste packaging advice process$h[electronic resource] /$cD.L. Hutchinson.
=260  \\$a[Didcot] :$bUK Nirex Ltd,$c2004.
=336  \\$atext$2rdacontent
=337  \\$acomputer$2rdamedia
=338  \\$aonline resource$2rdacarrier
=490  1\$aNirex report ;$vno. N/063
=538  \\$aMode of access: World Wide Web.
=538  \\$aSystem requirements: IBM compatible PC; Windows; Adobe Acrobat Reader.
=500  \\$aTitle from PDF title screen.
=516  \\$aPDF format.
=504  \\$aIncludes bibliographical references.
=650  \0$aRadioactive waste disposal$zGreat Britain.
=650  \0$aRadioactive substances$xTransportation$zGreat Britain.
=710  2\$aNIREX.
=830  \0$aNirex report ;$vno. N/063
=852  41$aBritish Library$bHMNTS$j359773$cDRT
=CAT  \\$a7750$b40$c20050411$lBLL01$h1048
=CAT  \\$a7750$b40$c20050411$lBLL01$h1049
=CAT  \\$a7750$b40$c20050411$lBLL01$h1113
=CAT  \\$a7750$b40$c20050411$lBLL01$h1114
=CAT  \\$a11281$b40$c20050413$lBLL01$h1210
=CAT  \\$a11281$b40$c20050413$lBLL01$h1215
=CAT  \\$a5194$b40$c20050413$lBLL01$h1612
=CAT  \\$aBATCH-UPD$b40$c20070912$lBLL01$h2021
=CAT  \\$aBATCH$b00$c20080505$lBLL01$h1320
=CAT  \\$aBATCH$b00$c20091217$lBLL01$h0348
=CAT  \\$aWR10_184$c20101208$lBLL01$h1635
=CAT  \\$aWR12-140$c20121030$lBLL01$h1048
=CAT  \\$aWR13.144/5$c20140418$lBLL01$h0930
=FIN  \\$aY$d20050413
=DRT  \\$aVDEP
=STA  \\$aSUPPRESSED$bWR10_184
=LAS  \\$aWR13.144/5$b00$c20140418$lBLL01$h0930

