=LDR  02060 am a2200589 a 4500
=001  013173264
=003  Uk
=005  20050711172102.0
=006  m\\\\|\\\d\|\\\\\\
=007  cr|bn\|||a||||
=008  050411s2004\\\\enk\\\\\s\\\\\000\0\eng\\
=FMT  \\$a  BK
=015  \\$aGBA532326$2bnb
=020  \\$a1840293594 :$cNo price
=040  \\$aUk$beng$cUk
=042  \\$aukblsr
=082  04$a621.48380941$222
=100  1\$aBarlow, S.$q(Steve V.)
=245  10$aNirex interactions with waste producers on plans for packaging of radioactive wastes :$h[electronic resource]$bApril 2002 to March 2003 /$cSteve Barlow, Simon Wisbey and John Mack.
=260  \\$aDidcot :$bUK Nirex Ltd,$c2004.
=336  \\$atext$2rdacontent
=337  \\$acomputer$2rdamedia
=338  \\$aonline resource$2rdacarrier
=490  1\$aNirex Report ;$vno. N/114
=538  \\$aMode of access: World Wide Web.
=538  \\$aSystem requirements: IBM compatible PC; Windows ; Adobe Acrobat Reader.
=500  \\$aTitle from PDF title screen.
=516  \\$aPDF format.
=500  \\$aMarch 2004.
=650  \0$aRadioactive waste disposal$zGreat Britain.
=700  1\$aWisbey, Simon.
=700  1\$aMack, John.
=710  2\$aNIREX.
=830  \0$aNirex Report ;$vno. N/114
=852  41$aBritish Library$bHMNTS$j359821$cDRT
=CAT  \\$a6524$b40$c20050411$lBLL01$h1051
=CAT  \\$a6524$b40$c20050411$lBLL01$h1053
=CAT  \\$a6524$b40$c20050411$lBLL01$h1110
=CAT  \\$a7332$b40$c20050415$lBLL01$h1313
=CAT  \\$a7332$b40$c20050418$lBLL01$h1024
=CAT  \\$a7332$b40$c20050630$lBLL01$h1325
=CAT  \\$a5194$b40$c20050711$lBLL01$h1721
=CAT  \\$aBATCH-UPD$b40$c20070912$lBLL01$h2021
=CAT  \\$aBATCH$b00$c20080505$lBLL01$h1320
=CAT  \\$aBATCH$b00$c20091217$lBLL01$h0348
=CAT  \\$aWR10_184$c20101208$lBLL01$h1635
=CAT  \\$aWR12-140$c20121030$lBLL01$h1048
=CAT  \\$aWR13.144/5$c20140418$lBLL01$h0930
=FIN  \\$aY$d20050415
=DRT  \\$aVDEP
=STA  \\$aSUPPRESSED$bWR10_184
=LAS  \\$aWR13.144/5$b00$c20140418$lBLL01$h0930

