=LDR  01893 am a2200541 a 4500
=001  013173272
=003  Uk
=005  20050413143755.0
=006  m\\\\|\\\d\|\\\\\\
=007  cr||n|||||||||
=008  050411s2004\\\\enk\\\\\s\\\\||0|\0\eng\\
=FMT  \\$a  BK
=015  \\$aGBA532121$2bnb
=020  \\$a1840293098 :$cNo price
=040  \\$aUk$beng$cUk
=042  \\$aukblsr
=082  04$a621.4838$222
=100  1\$aLock, Peter.
=245  14$aThe use of the generic operational safety assessment in the Nirex packaging advice process$h[electronic resource] /$cauthor Peter Lock, Chris Fisher.
=260  \\$a[Didcot] :$bUK Nirex Ltd,$c2004.
=336  \\$atext$2rdacontent
=337  \\$acomputer$2rdamedia
=338  \\$aonline resource$2rdacarrier
=490  1\$aNirex report ;$vno. N/064
=538  \\$aMode of access: World Wide Web.
=538  \\$aSystem requirements: IBM compatible PC; Windows; Adobe Acrobat Reader.
=500  \\$aTitle from PDF title screen.
=516  \\$aPDF format.
=650  \0$aRadioactive waste disposal$zGreat Britain.
=650  \0$aRadioactive waste disposal$xSafety measures$zGreat Britain.
=700  1\$aFisher, Chris.
=710  2\$aNIREX.
=830  \0$aNirex report ;$vno. N/064
=852  41$aBritish Library$bHMNTS$j359772$cDRT
=CAT  \\$a7750$b40$c20050411$lBLL01$h1059
=CAT  \\$a7750$b40$c20050411$lBLL01$h1101
=CAT  \\$a7750$b40$c20050411$lBLL01$h1114
=CAT  \\$a11281$b40$c20050413$lBLL01$h1437
=CAT  \\$aBATCH-UPD$b40$c20070912$lBLL01$h2021
=CAT  \\$aBATCH$b00$c20080505$lBLL01$h1320
=CAT  \\$aBATCH$b00$c20091217$lBLL01$h0348
=CAT  \\$aWR10_184$c20101208$lBLL01$h1635
=CAT  \\$aWR12-140$c20121030$lBLL01$h1048
=CAT  \\$aWR13.144/5$c20140418$lBLL01$h0930
=FIN  \\$aY$d20050413
=DRT  \\$aVDEP
=STA  \\$aSUPPRESSED$bWR10_184
=LAS  \\$aWR13.144/5$b00$c20140418$lBLL01$h0930

