=LDR  01964 am a2200565 a 4500
=001  013173294
=003  Uk
=005  20050413092155.0
=006  m\\\\|\\\d\|\\\\\\
=007  cr||n|||||||||
=008  050411s2003\\\\enk\\\\\sb\\\||0|\0\eng\\
=FMT  \\$a  BK
=015  \\$aGBA532049$2bnb
=020  \\$a1840293187 :$cNo price
=040  \\$aUk$beng$cUk
=042  \\$aukblsr
=082  04$a621.4838$222
=245  00$aModelling of unshielded ILW packages under fire conditions$h[electronic resource] /$cS.V. Barlow ... [et al.].
=260  \\$a[Didcot] :$bUk Nirex Ltd,$c2003.
=336  \\$atext$2rdacontent
=337  \\$acomputer$2rdamedia
=338  \\$aonline resource$2rdacarrier
=490  1\$aNirex report ;$vno. N/073
=538  \\$aMode of access: World Wide Web.
=538  \\$aSystem requirements: IBM compatible PC; Windows; Adobe Acrobat Reader.
=500  \\$aTitle from PDF title screen.
=516  \\$aPDF format.
=504  \\$aIncludes bibliographical references.
=650  \0$aRadioactive waste disposal.
=650  \0$aRadioactive waste disposal$xSimulation methods.
=650  \0$aRadioactive substances.
=650  \0$aRadioactive substances$xThermal properties.
=710  2\$aNIREX.
=700  1\$aBarlow, S.$q(Steve V.).
=830  \0$aNirex report ;$vno. N/073
=852  41$aBritish Library$bHMNTS$j359760$cDRT
=CAT  \\$a7750$b40$c20050411$lBLL01$h1120
=CAT  \\$a7750$b40$c20050411$lBLL01$h1124
=CAT  \\$a11281$b40$c20050413$lBLL01$h0921
=CAT  \\$aBATCH-UPD$b40$c20070912$lBLL01$h2021
=CAT  \\$aBATCH$b00$c20080505$lBLL01$h1320
=CAT  \\$aBATCH$b00$c20091217$lBLL01$h0348
=CAT  \\$aWR10_184$c20101208$lBLL01$h1635
=CAT  \\$aWR12-140$c20121030$lBLL01$h1048
=CAT  \\$aWR13.144/5$c20140418$lBLL01$h0930
=CAT  \\$aBATCH-UPD$b00$c20201003$lBLL01$h1730
=FIN  \\$aY$d20050413
=DRT  \\$aVDEP
=STA  \\$aSUPPRESSED$bWR10_184
=LAS  \\$aBATCH-UPD$b00$c20201003$lBLL01$h1730

