=LDR  01979 am a2200565 a 4500
=001  013173358
=003  Uk
=005  20050412173406.0
=006  m\\\\|\\\d\|\\\\\\
=007  cr||n|||||||||
=008  050411s2003\\\\enk\\\\\sb\\\||0|\0\eng\\
=FMT  \\$a  BK
=015  \\$aGBA530607$2bnb
=020  \\$a1840293330 :$cNo price
=040  \\$aUk$beng$cUk
=042  \\$aukblsr
=082  04$a621.4838$222
=100  1\$aBarlow, S.$q(Steve V.)
=245  10$aNirex interactions with waste producers on plans for packaging of radioactive wastes$h[electronic resource] :$bApril 2001 to March 2002 /$cSteve Barlow, Chris Fisher and Simon Wisbey.
=260  \\$a[Didcot] :$bUK Nirex Ltd,$c2003.
=336  \\$atext$2rdacontent
=337  \\$acomputer$2rdamedia
=338  \\$aonline resource$2rdacarrier
=490  1\$aNirex report ;$vno. N/088
=538  \\$aMode of access: World Wide Web.
=538  \\$aSystem requirements: IBM compatible PC; Windows; Adobe Acrobat Reader.
=500  \\$aTitle from PDF title screen.
=516  \\$aPDF format.
=504  \\$aIncludes bibliographical references.
=650  \0$aRadioactive waste disposal.
=700  1\$aFisher, Chris.
=700  1\$aWisbey, Simon.
=710  2\$aNIREX.
=830  \0$aNirex report ;$vno. N/088
=852  41$aBritish Library$bHMNTS$j359820$cDRT
=CAT  \\$a6524$b40$c20050411$lBLL01$h1201
=CAT  \\$a6524$b40$c20050411$lBLL01$h1204
=CAT  \\$a11281$b40$c20050412$lBLL01$h1139
=CAT  \\$a11281$b40$c20050412$lBLL01$h1214
=CAT  \\$a5194$b40$c20050412$lBLL01$h1734
=CAT  \\$aBATCH-UPD$b40$c20070912$lBLL01$h2021
=CAT  \\$aBATCH$b00$c20080505$lBLL01$h1320
=CAT  \\$aBATCH$b00$c20091217$lBLL01$h0348
=CAT  \\$aWR10_184$c20101208$lBLL01$h1635
=CAT  \\$aWR12-140$c20121030$lBLL01$h1048
=CAT  \\$aWR13.144/5$c20140418$lBLL01$h0930
=FIN  \\$aY$d20050412
=DRT  \\$aVDEP
=STA  \\$aSUPPRESSED$bWR10_184
=LAS  \\$aWR13.144/5$b00$c20140418$lBLL01$h0930

