=LDR  01735 am a2200517 a 4500
=001  013173520
=003  Uk
=005  20050418142557.0
=006  m\\\\|\\\d\|\\\\\\
=007  cr|bn\|||a||||
=008  050411s2003\\\\enk\\\\\s\\\\\000\0\eng\\
=FMT  \\$a  BK
=015  \\$aGBA532528$2bnb
=020  \\$a1840293225 (set) :$cNo price
=040  \\$aUk$beng$cUk
=042  \\$aukblsr
=082  04$a621.48380941$222
=245  00$aGeneric repository design.$h[electronic resource]$nVolume 2,$pReference case design description.
=260  \\$aHarwell :$bUK Nirex Ltd,$c2003.
=336  \\$atext$2rdacontent
=337  \\$acomputer$2rdamedia
=338  \\$aonline resource$2rdacarrier
=490  1\$aNirex Report ;$vno. N/077
=490  0\$aGeneric repository studies
=538  \\$aMode of access: World Wide Web.
=538  \\$aSystem requirements: IBM compatible PC; Windows ; Adobe Acrobat Reader.
=500  \\$aTitle from PDF title screen.
=516  \\$aPDF format.
=500  \\$aJuly 2003.
=650  \0$aRadioactive waste disposal$zGreat Britain.
=710  2\$aNIREX.
=830  \0$aNirex Report ;$vno. N/077
=852  41$aBritish Library$bHMNTS$j359757$cDRT
=CAT  \\$a7750$b40$c20050411$lBLL01$h1421
=CAT  \\$a7750$b40$c20050411$lBLL01$h1422
=CAT  \\$a7332$b40$c20050418$lBLL01$h1425
=CAT  \\$aBATCH-UPD$b40$c20070912$lBLL01$h2021
=CAT  \\$aBATCH$b00$c20080505$lBLL01$h1320
=CAT  \\$aBATCH$b00$c20091217$lBLL01$h0348
=CAT  \\$aWR10_184$c20101208$lBLL01$h1635
=CAT  \\$aWR12-140$c20121030$lBLL01$h1048
=CAT  \\$aWR13.144/5$c20140418$lBLL01$h0930
=FIN  \\$aY$d20050418
=DRT  \\$aVDEP
=STA  \\$aSUPPRESSED$bWR10_184
=LAS  \\$aWR13.144/5$b00$c20140418$lBLL01$h0930

