=LDR  02083 am a2200577 a 4500
=001  013173532
=003  Uk
=005  20070928154909.0
=006  m\\\\|\\\d\|\\\\\\
=007  cr||n|||||||||
=008  050411s2003\\\\enk\\\\\sb\\\||0|\0\eng\\
=FMT  \\$a  BK
=015  \\$aGBA532185$2bnb
=020  \\$a1840293292 :$cNo price
=040  \\$aUk$beng$cUk
=042  \\$aukblsr
=082  04$a621.4838$222
=100  1\$aHutchinson, D. L.$q(David L.)
=245  10$aSafety assessments$h[electronic resource] :$bsoftware for the transport safety assessment of waste packaging proposals /$cauthors D.L. Hutchinson, I.F. White.
=260  \\$a[Didcot] :$bUK Nirex Ltd,$c2003.
=336  \\$atext$2rdacontent
=337  \\$acomputer$2rdamedia
=338  \\$aonline resource$2rdacarrier
=490  1\$aNirex report ;$vno. N/084
=538  \\$aMode of access: World Wide Web.
=538  \\$aSystem requirements: IBM compatible PC; Windows; Adobe Acrobat Reader.
=500  \\$aTitle from PDF title screen.
=516  \\$aPDF format.
=504  \\$aIncludes bibliographical references.
=650  \0$aRadioactive waste disposal$xTransportation$zGreat Britain.
=650  \0$aRadioactive waste disposal$xSafety measures$zGreat Britain.
=700  1\$aWhite, I. F.
=710  2\$aNIREX.
=830  \0$aNirex report ;$vno. N/084
=852  41$aBritish Library$bHMNTS$j359824$cDRT
=CAT  \\$a6524$b40$c20050411$lBLL01$h1429
=CAT  \\$a6524$b40$c20050411$lBLL01$h1430
=CAT  \\$a5194$b40$c20050413$lBLL01$h1613
=CAT  \\$a11281$b40$c20050414$lBLL01$h0914
=CAT  \\$a6524$b40$c20050420$lBLL01$h1402
=CAT  \\$aBATCH-UPD$b40$c20070912$lBLL01$h2021
=CAT  \\$a11249$b40$c20070928$lBLL01$h1549
=CAT  \\$aBATCH$b00$c20080505$lBLL01$h1320
=CAT  \\$aBATCH$b00$c20091217$lBLL01$h0348
=CAT  \\$aWR10_184$c20101208$lBLL01$h1635
=CAT  \\$aWR12-140$c20121030$lBLL01$h1048
=CAT  \\$aWR13.144/5$c20140418$lBLL01$h0930
=FIN  \\$aY$d20050414
=DRT  \\$aVDEP
=STA  \\$aSUPPRESSED$bWR10_184
=LAS  \\$aWR13.144/5$b00$c20140418$lBLL01$h0930

