=LDR  01899 am a2200553 a 4500
=001  013173547
=003  Uk
=005  20050414094743.0
=006  m\\\\|\\\d\|\\\\\\
=007  cr||n|||||||||
=008  050411s2003\\\\enk\\\\\sb\\\||0|\0\eng\\
=FMT  \\$a  BK
=015  \\$aGBA532198$2bnb
=020  \\$a1840293284 :$cNo price
=040  \\$aUk$beng$cUk
=042  \\$aukblsr
=082  04$a621.4838$222
=100  1\$aLinklater, C. M.
=245  10$aAnalysis and interpretation of geosphere sorption data for a Nirex performance assessment$h[electronic resource] :$cC.M. Linklater, A.D. Moreton and C.J. Tweed.
=260  \\$a[Didcot] :$bUK Nirex Ltd,$c2003.
=336  \\$atext$2rdacontent
=337  \\$acomputer$2rdamedia
=338  \\$aonline resource$2rdacarrier
=490  1\$aNirex report ;$vno. N/083
=538  \\$aMode of access: World Wide Web.
=538  \\$aSystem requirements: IBM compatible PC; Windows; Adobe Acrobat Reader.
=500  \\$aTitle from PDF title screen.
=516  \\$aPDF format.
=504  \\$aIncludes bibliographical references.
=650  \0$aRadioactive waste disposal.
=650  \0$aRadioactive pollution of soils.
=700  1\$aMoreton, A. D.
=700  1\$aTweed, C. J.
=710  2\$aNIREX.
=830  \0$aNirex report ;$vno. N/083
=852  41$aBritish Library$bHMNTS$j359816$cDRT
=CAT  \\$a6524$b40$c20050411$lBLL01$h1435
=CAT  \\$a6524$b40$c20050411$lBLL01$h1445
=CAT  \\$a11281$b40$c20050414$lBLL01$h0947
=CAT  \\$aBATCH-UPD$b40$c20070912$lBLL01$h2021
=CAT  \\$aBATCH$b00$c20080505$lBLL01$h1320
=CAT  \\$aBATCH$b00$c20091217$lBLL01$h0348
=CAT  \\$aWR10_184$c20101208$lBLL01$h1635
=CAT  \\$aWR12-140$c20121030$lBLL01$h1048
=CAT  \\$aWR13.144/5$c20140418$lBLL01$h0930
=FIN  \\$aY$d20050414
=DRT  \\$aVDEP
=STA  \\$aSUPPRESSED$bWR10_184
=LAS  \\$aWR13.144/5$b00$c20140418$lBLL01$h0930

