=LDR  01890 am a2200553 a 4500
=001  013177813
=003  Uk
=005  20050418111625.0
=006  m\\\\|\\\d\|\\\\\\
=007  cr||n|||||||||
=008  050418s2005\\\\enk\\\\\sb\\\o|0|\0\eng\\
=FMT  \\$a  BK
=015  \\$aGBA532469$2bnb
=020  \\$cNo price
=040  \\$aUk$beng$cUk
=042  \\$aukblsr
=082  04$a621.3121$222
=245  00$aFacilitating the modelling of embedded generation$h[electronic resource]
=260  \\$a[London :$bDTI],$c2005.
=336  \\$atext$2rdacontent
=337  \\$acomputer$2rdamedia
=338  \\$aonline resource$2rdacarrier
=538  \\$aMode of access: World Wide Web.
=538  \\$aSystem requirements: IBM compatible PC; Windows; Adobe Acrobat Reader.
=500  \\$aTitle from PDF title screen.
=516  \\$aPDF format.
=504  \\$aIncludes bibliographical references.
=500  \\$aPublisher's no.: URN 05/973.
=500  \\$aContract no.: K/EL/00321/00/00.
=650  \0$aElectric power distribution.
=650  \0$aElectric power production.
=650  \0$aElectric power transmission.
=710  1\$aGreat Britain.$bDepartment of Trade and Industry.
=852  41$aBritish Library$bHMNTS$j359750$cDRT
=985  \\$aRecord amended for WR# 13/070
=CAT  \\$a6524$b40$c20050418$lBLL01$h0902
=CAT  \\$a6524$b40$c20050418$lBLL01$h0905
=CAT  \\$a11281$b40$c20050418$lBLL01$h1116
=CAT  \\$aBATCH-UPD$b40$c20070723$lBLL01$h1550
=CAT  \\$aBATCH-UPD$b40$c20070912$lBLL01$h2022
=CAT  \\$aBATCH$b00$c20080505$lBLL01$h1320
=CAT  \\$aWR10_184$c20101208$lBLL01$h1635
=CAT  \\$aWR12-140$c20121030$lBLL01$h1048
=CAT  \\$aWR13_070$b00$c20130504$lBLL01$h0239
=CAT  \\$aWR13.144/5$c20140418$lBLL01$h0930
=FIN  \\$aY$d20050418
=DRT  \\$aVDEP
=STA  \\$aSUPPRESSED$bWR10_184
=LAS  \\$aWR13.144/5$b00$c20140418$lBLL01$h0930

