=LDR  01906 am a2200541 a 4500
=001  013177828
=003  Uk
=005  20050419100359.0
=006  m\\\\|\\\d\|\\\\\\
=007  cr||n|||||||||
=008  050418s2005\\\\enk\\\\\sb\\\o|0|\0\eng\\
=FMT  \\$a  BK
=015  \\$aGBA532535$2bnb
=020  \\$cNo price
=040  \\$aUk$beng$cUk
=042  \\$aukblsr
=082  04$a502.82$222
=100  1\$aMcCormick, N. J.$q(Nick J.)
=245  14$aThe measurement of the shape of abrasive particles with confocal optical microscopy$h[electronic resource] /$cN.J. McCormick and M.G. Gee.
=260  \\$aTeddington :$bNational Physical Laboratory,$c2005.
=336  \\$atext$2rdacontent
=337  \\$acomputer$2rdamedia
=338  \\$aonline resource$2rdacarrier
=490  1\$aNPL report DEPC MPE,$x1744-0262 ;$v010
=538  \\$aMode of access: World Wide Web.
=538  \\$aSystem requirements: IBM compatible PC; Windows; Adobe Acrobat Reader.
=500  \\$aTitle from PDF title screen.
=516  \\$aPDF format.
=650  \0$aConfocal microscopy$xDiagnostic use.
=650  \0$aAbrasives.
=700  1\$aGee, M. G.
=710  2\$aNational Physical Laboratory (Great Britain)
=830  \0$aNPL report DEPC MPE,$x1744-0262 ;$v010
=852  41$aBritish Library$bHMNTS$j359771$cDRT
=CAT  \\$a10902$b40$c20050418$lBLL01$h0917
=CAT  \\$a10902$b40$c20050418$lBLL01$h0919
=CAT  \\$a11281$b40$c20050418$lBLL01$h1446
=CAT  \\$a5194$b40$c20050419$lBLL01$h1003
=CAT  \\$aBATCH-UPD$b40$c20070912$lBLL01$h2022
=CAT  \\$aBATCH$b00$c20080505$lBLL01$h1320
=CAT  \\$aBATCH$b00$c20091217$lBLL01$h0349
=CAT  \\$aWR10_184$c20101208$lBLL01$h1635
=CAT  \\$aWR12-140$c20121030$lBLL01$h1048
=CAT  \\$aWR13.144/5$c20140418$lBLL01$h0930
=FIN  \\$aY$d20050418
=DRT  \\$aVDEP
=STA  \\$aSUPPRESSED$bWR10_184
=LAS  \\$aWR13.144/5$b00$c20140418$lBLL01$h0930

