=LDR  01751 am a2200505 a 4500
=001  013177908
=003  Uk
=005  20050419094317.0
=006  m\\\\|\\\d\|\\\\\\
=007  cr||n|||||||||
=008  050418s2005\\\\enk\\\\\sb\\\o|0|\0\eng\\
=FMT  \\$a  BK
=015  \\$aGBA532602$2bnb
=020  \\$cNo price
=040  \\$aUk$beng$cUk
=042  \\$aukblsr
=082  04$a620.192$222
=100  1\$aMaxwell, A. S.
=245  10$aReview of techniques for monitoring the environmental degradation of polymers$h[electronic resource] /$cA.S. Maxwell.
=260  \\$aTeddington :$bNational Physical Laboratory,$c2005.
=336  \\$atext$2rdacontent
=337  \\$acomputer$2rdamedia
=338  \\$aonline resource$2rdacarrier
=490  1\$aNPL report DEPC MPR,$x1744-0270 ;$v015
=538  \\$aMode of access: World Wide Web.
=538  \\$aSystem requirements: IBM compatible PC; Windows; Adobe Acrobat Reader.
=500  \\$aTitle from PDF title screen.
=516  \\$aPDF format.
=504  \\$aIncludes bibliographical references.
=650  \0$aPolymers$xDeterioration.
=830  \0$aNPL report DEPC MPR,$x1744-0270 ;$v015
=852  41$aBritish Library$bHMNTS$j359766$cDRT
=CAT  \\$a10902$b40$c20050418$lBLL01$h1033
=CAT  \\$a10902$b40$c20050418$lBLL01$h1034
=CAT  \\$a11281$b40$c20050419$lBLL01$h0943
=CAT  \\$aBATCH-UPD$b40$c20070912$lBLL01$h2022
=CAT  \\$aBATCH$b00$c20080505$lBLL01$h1320
=CAT  \\$aBATCH$b00$c20091217$lBLL01$h0349
=CAT  \\$aWR10_184$c20101208$lBLL01$h1635
=CAT  \\$aWR12-140$c20121030$lBLL01$h1048
=CAT  \\$aWR13.144/5$c20140418$lBLL01$h0930
=FIN  \\$aY$d20050419
=DRT  \\$aVDEP
=STA  \\$aSUPPRESSED$bWR10_184
=LAS  \\$aWR13.144/5$b00$c20140418$lBLL01$h0930

