=LDR  01166 am a22003255a 4500
=001  013183121
=003  Uk
=005  20200417183004.0
=008  050425s\\\\\\\\\\\\\\\\\\\\\\\0\\\\eng\\
=FMT  \\$a  BK
=245  \0$aResponse from Melanie Johnson, minster for competition, consumers and markets, to the second report :$bon the tackling overindebtedness.
=260  \\$aLondon :$bDTI,$c2003.
=336  \\$atext$2rdacontent
=337  \\$aunmediated$2rdamedia
=338  \\$avolume$2rdacarrier
=500  \\$aURN No 03/744
=852  41$aBritish Library$bHMNTS$j360985$cDRT
=985  \\$aUpgraded by BSS-generated file for WR1910-0531
=CAT  \\$a7750$b40$c20050425$lBLL01$h1042
=CAT  \\$a7750$b40$c20050425$lBLL01$h1043
=CAT  \\$a11249$b40$c20051102$lBLL01$h1516
=CAT  \\$aBATCH-UPD$b40$c20070912$lBLL01$h2022
=CAT  \\$aBATCH$b00$c20080505$lBLL01$h1320
=CAT  \\$aWR10_184$c20101208$lBLL01$h1635
=CAT  \\$aWR12-140$c20121030$lBLL01$h1048
=CAT  \\$aWR13.144/5$c20140418$lBLL01$h0930
=CAT  \\$aW1910-0531$b00$c20200417$lBLL01$h1830
=DRT  \\$aVDEP
=STA  \\$aSUPPRESSED$bWR10_184
=LAS  \\$aW1910-0531$b00$c20200417$lBLL01$h1830

