=LDR  01783 am a2200529 a 4500
=001  013183165
=003  Uk
=005  20050426105319.0
=006  m\\\\|\\\d\|\\\\\\
=007  cr||n|||||||||
=008  050425s2005\\\\enk\\\\\s\\\\o000\0\eng\\
=FMT  \\$a  BK
=020  \\$cNo price
=040  \\$aUk$beng$cUk
=042  \\$aukblsr
=082  04$a658.4063$222
=245  00$aValue mapping$h[electronic resource] :$bfactsheet.
=260  \\$a[London] :$bDTI,$cc2005.
=336  \\$atext$2rdacontent
=337  \\$acomputer$2rdamedia
=338  \\$aonline resource$2rdacarrier
=538  \\$aMode of access: World Wide Web.
=538  \\$aSystem requirements: IBM compatible PC; Windows; Adobe Acrobat Reader.
=500  \\$aTitle from PDF title screen.
=516  \\$aPDF format.
=500  \\$aPublisher's no.: URN 05/551.
=690  7\$aManagement and Business Studies$2blcoll
=650  \0$aIndustrial efficiency.
=650  \0$aOrganizational effectiveness.
=650  \0$aSuccess in business.
=710  1\$aGreat Britain.$bDepartment of Trade and Industry.
=852  41$aBritish Library$bHMNTS$j360987$cDRT
=985  \\$aRecord amended for WR# 13/070
=CAT  \\$a7750$b40$c20050425$lBLL01$h1107
=CAT  \\$a11281$b40$c20050426$lBLL01$h1053
=CAT  \\$aBATCH-UPD$b40$c20070723$lBLL01$h1551
=CAT  \\$aBATCH-UPD$b40$c20070912$lBLL01$h2022
=CAT  \\$aBATCH$b00$c20080505$lBLL01$h1320
=CAT  \\$aBATCH$b00$c20090611$lBLL01$h1718
=CAT  \\$aWR10_184$c20101208$lBLL01$h1635
=CAT  \\$aWR12-140$c20121030$lBLL01$h1048
=CAT  \\$aWR13_070$b00$c20130504$lBLL01$h0239
=CAT  \\$aWR13.144/5$c20140418$lBLL01$h0930
=FIN  \\$aY$d20050426
=DRT  \\$aVDEP
=STA  \\$aSUPPRESSED$bWR10_184
=LAS  \\$aWR13.144/5$b00$c20140418$lBLL01$h0930

