=LDR  01860 am a2200529 a 4500
=001  013186698
=003  Uk
=005  20050525143326.0
=006  m\\\\|\\\d\|\\\\\\
=007  cr||||||||||||
=008  050427s2004\\\\enk||||\s||||o00|\0\eng\\
=FMT  \\$a  BK
=015  \\$aGBA545206$2bnb
=020  \\$cNo price
=040  \\$aUk$beng$cUk
=042  \\$aukblsr
=082  04$a304.6094229$222
=245  00$aBerkshire ward atlas$h[electronic resource] :$b2001 census.$nPart 1.
=246  13$aBerkshire census ward atlas
=260  \\$aLondon :$bGreater London Authority,$c2004.
=336  \\$atext$2rdacontent
=337  \\$acomputer$2rdamedia
=338  \\$aonline resource$2rdacarrier
=490  0\$aBerkshire census briefing (Online),$x1741-5527
=538  \\$aMode of access: Internet.
=538  \\$aSystem requirements: Adobe Acrobat Reader.
=500  \\$aTitle from PDF title page.
=516  \\$aPDF format.
=651  \0$aBerkshire (England)$xPopulation$vStatistics.
=651  \0$aBerkshire (England)$xPopulation$vMaps.
=651  \0$aBerkshire (England)$vCensus, 2001.
=710  2\$aBerkshire Unitary Authorities' Joint Strategic Planning Unit.
=852  41$aBritish Library$bHMNTS$j356041$cDRT
=CAT  \\$a10902$b40$c20050427$lBLL01$h1134
=CAT  \\$a10902$b40$c20050427$lBLL01$h1136
=CAT  \\$a8141$b40$c20050525$lBLL01$h1314
=CAT  \\$a8141$b40$c20050525$lBLL01$h1324
=CAT  \\$a8141$b40$c20050525$lBLL01$h1405
=CAT  \\$a8141$b40$c20050525$lBLL01$h1433
=CAT  \\$aBATCH$b00$c20080505$lBLL01$h1320
=CAT  \\$aWR13.144/5$c20140418$lBLL01$h0930
=CAT  \\$aW1711-1225$c20171203$lBLL01$h1021
=CAT  \\$aBATCH-UPD$b00$c20171203$lBLL01$h1122
=FIN  \\$aY$d20050525
=DRT  \\$aVDEP
=STA  \\$aSUPPRESSED$bunable to determine reason for suppression
=LAS  \\$aBATCH-UPD$b00$c20171203$lBLL01$h1122

