=LDR  01703 am a2200481 a 4500
=001  013186770
=003  Uk
=005  20050526085507.0
=006  m\\\\|\\\d\|\\\\\\
=007  cr||||||||||||
=008  050427s2004\\\\enk||||\s||||o00|\0\eng\\
=FMT  \\$a  BK
=015  \\$aGBA545281$2bnb
=040  \\$aUk$beng$cUk
=042  \\$aukblsr
=082  04$a304.60942294$222
=245  00$aBerkshire ward atlas$h[electronic resource]:$b2001 census.$nPart 2f,$pWokingham.
=246  13$aBerkshire census ward atlas
=260  \\$aLondon :$bGreater London Authority,$c2004.
=336  \\$atext$2rdacontent
=337  \\$acomputer$2rdamedia
=338  \\$aonline resource$2rdacarrier
=490  0\$aBerkshire census briefing (Online)$x1741-5527
=538  \\$aMode of access: Internet.
=538  \\$aSystem requirements: Adobe Acrobat Reader.
=500  \\$aTitle from PDF title page.
=516  \\$aPDF format.
=651  \0$aWokingham (England)$xPopulation$vStatistics.
=651  \0$aWokingham (England)$xPopulation$vMaps.
=651  \0$aWokingham (England)$vCensus, 2001.
=710  2\$aBerkshire Unitary Authorities' Joint Strategic Planning Unit.
=852  41$aBritish Library$bHMNTS$j356045$cDRT
=CAT  \\$a10902$b40$c20050427$lBLL01$h1156
=CAT  \\$a10902$b40$c20050427$lBLL01$h1158
=CAT  \\$a8141$b40$c20050526$lBLL01$h0855
=CAT  \\$aBATCH$b00$c20080505$lBLL01$h1320
=CAT  \\$aWR13.144/5$c20140418$lBLL01$h0930
=CAT  \\$aW1711-1225$c20171203$lBLL01$h1021
=CAT  \\$aBATCH-UPD$b00$c20171203$lBLL01$h1122
=FIN  \\$aY$d20050526
=DRT  \\$aVDEP
=STA  \\$aSUPPRESSED$bunable to determine reason for suppression
=LAS  \\$aBATCH-UPD$b00$c20171203$lBLL01$h1122

