=LDR  01954 am a2200553 a 4500
=001  013186867
=003  Uk
=005  20050525143112.0
=006  m\\\\|\\\d\|\\\\\\
=007  cr||||||||||||
=008  050427s2004\\\\enk||||\s||||o00|\0\eng\\
=FMT  \\$a  BK
=015  \\$aGBA545223$2bnb
=020  \\$cNo price
=040  \\$aUk$beng$cUk
=042  \\$aukblsr
=082  04$a304.60942298$222
=245  00$aBerkshire ward atlas$h[electronic resource]:$b2001 census.$nPart 2a,$pBracknell Forest.
=246  13$aBerkshire census ward atlas
=260  \\$aLondon :$bGreater London Authority,$c2004.
=336  \\$atext$2rdacontent
=337  \\$acomputer$2rdamedia
=338  \\$aonline resource$2rdacarrier
=490  0\$aBerkshire census briefing (Online)$x1741-5527
=538  \\$aMode of access: Internet.
=538  \\$aSystem requirements: Adobe Acrobat Reader.
=500  \\$aTitle from PDF title page.
=516  \\$aPDF format.
=651  \0$aBracknell Forest (England)$xPopulation$vStatistics.
=651  \0$aBracknell Forest (England)$xPopulation$vMaps.
=651  \0$aBracknell Forest (England)$vCensus, 2001.
=690  7\$aSocial Welfare$2blcoll
=710  2\$aBerkshire Unitary Authorities' Joint Strategic Planning Unit
=852  41$aBritish Library$bHMNTS$j356040$cDRT
=CAT  \\$a10902$b40$c20050427$lBLL01$h1257
=CAT  \\$a10902$b40$c20050427$lBLL01$h1258
=CAT  \\$a8141$b40$c20050525$lBLL01$h1406
=CAT  \\$a8141$b40$c20050525$lBLL01$h1431
=CAT  \\$aBATCH-UPD$b40$c20070912$lBLL01$h2022
=CAT  \\$aBATCH$b00$c20080505$lBLL01$h1320
=CAT  \\$aWR10_184$c20101208$lBLL01$h1635
=CAT  \\$aBATCH$b00$c20110625$lBLL01$h0513
=CAT  \\$aBATCH-SWP4$c20110627$lBLL01$h1555
=CAT  \\$aWR12-140$c20121030$lBLL01$h1049
=CAT  \\$aWR13.144/5$c20140418$lBLL01$h0930
=FIN  \\$aY$d20050525
=DRT  \\$aVDEP
=STA  \\$aSUPPRESSED$bWR10_184
=LAS  \\$aWR13.144/5$b00$c20140418$lBLL01$h0930

