=LDR  01134 am a22003255a 4500
=001  013187373
=003  Uk
=005  20201127180730.0
=008  050428s\\\\\\\\\\\\\\\\\\\\\\\0\\\\eng\\
=FMT  \\$a  BK
=245  \0$aWork-life balance questionnaire template.
=260  \\$aLondon :$bDTI,$c2005.
=336  \\$atext$2rdacontent
=337  \\$aunmediated$2rdamedia
=338  \\$avolume$2rdacarrier
=500  \\$aURN No. 05/772
=883  0\$aLanguage codes assigned by Bayesian analysis of words present in record$d20201028$qUk$c0.9010
=852  41$aBritish Library$bHMNTS$j360978$cDRT
=985  \\$aUpgraded by BSS-generated file for WR2011-1472
=CAT  \\$a7750$b40$c20050428$lBLL01$h0926
=CAT  \\$a11249$b40$c20051108$lBLL01$h0915
=CAT  \\$aBATCH-UPD$b40$c20070912$lBLL01$h2022
=CAT  \\$aBATCH$b00$c20080505$lBLL01$h1320
=CAT  \\$aWR10_184$c20101208$lBLL01$h1635
=CAT  \\$aWR12-140$c20121030$lBLL01$h1049
=CAT  \\$aWR13.144/5$c20140418$lBLL01$h0930
=CAT  \\$aW2011-1472$b00$c20201127$lBLL01$h1807
=DRT  \\$aVDEP
=STA  \\$aSUPPRESSED$bWR10_184
=LAS  \\$aW2011-1472$b00$c20201127$lBLL01$h1807

