=LDR  01949 am a2200577 a 4500
=001  013197019
=003  Uk
=005  20050518100953.0
=006  m\\\\|\\\d\|\\\\\\
=007  cr||||||||||||
=008  050512s2004\\\\enk\\\\\s\\\\o000\0\eng\\
=FMT  \\$a  BK
=015  \\$aGBA541122$2bnb
=020  \\$cNo price
=040  \\$aUk$beng$cUk
=042  \\$aukblsr
=082  04$a621.47$222
=100  1\$aHalls, Jonathan.
=245  10$aPlastic cells for energy from the sun$h[electronic resource] :$b(PLACES) /prepared by Jonathan Halls and Richard Wilson.
=260  \\$aLondon :$bDTI,$c2004.
=336  \\$atext$2rdacontent
=337  \\$acomputer$2rdamedia
=338  \\$aonline resource$2rdacarrier
=538  \\$aMode of access: World Wide Web.
=538  \\$aSystem requirements: IBM compatible PC; Windows; Adobe Acrobat Reader.
=500  \\$aTitle from PDF title screen.
=516  \\$aPDF format.
=500  \\$aPublisher's no.: URN 04/2091.
=500  \\$aContract no.: S/P2/00411/00/REP.
=650  \0$aFuel cells.
=650  \0$aPlastics.
=650  \0$aSolar energy.
=700  1\$aWilson, Richard.
=710  1\$aGreat Britain.$bDepartment of Trade and Industry.
=852  41$aBritish Library$bHMNTS$j357079$cDRT
=985  \\$aRecord amended for WR# 13/070
=CAT  \\$a7750$b40$c20050512$lBLL01$h1105
=CAT  \\$a7750$b40$c20050512$lBLL01$h1107
=CAT  \\$a11281$b40$c20050512$lBLL01$h1209
=CAT  \\$a11278$b40$c20050518$lBLL01$h1009
=CAT  \\$aBATCH-UPD$b40$c20070723$lBLL01$h1554
=CAT  \\$aBATCH-UPD$b40$c20070912$lBLL01$h2022
=CAT  \\$aBATCH$b00$c20080505$lBLL01$h1320
=CAT  \\$aWR10_184$c20101208$lBLL01$h1635
=CAT  \\$aWR12-140$c20121030$lBLL01$h1049
=CAT  \\$aWR13_070$b00$c20130504$lBLL01$h0239
=CAT  \\$aWR13.144/5$c20140418$lBLL01$h0931
=FIN  \\$aY$d20050512
=DRT  \\$aVDEP
=STA  \\$aSUPPRESSED$bWR10_184
=LAS  \\$aWR13.144/5$b00$c20140418$lBLL01$h0931

