=LDR  01658 am a2200481 a 4500
=001  013197068
=003  Uk
=005  20050516135848.0
=006  m\\\\|\\\d\|\\\\\\
=007  cr||||||||||||
=008  050512s2005\\\\enk\\\\\s\\\\\000\0\eng\\
=FMT  \\$a  BK
=015  \\$aGBA541278$2bnb
=040  \\$aUk$beng$cUk
=042  \\$aukblsr
=082  04$a363.509421$222
=100  1\$aVaid, Lovedeep.
=245  14$aThe London household survey$h[electronic resource] :$bguide to accessing the LHS at the ESRC data archive /$cLovedeep Vaid.
=260  \\$aLondon :$bGreater London Authority,$c2005.
=336  \\$atext$2rdacontent
=337  \\$acomputer$2rdamedia
=338  \\$aonline resource$2rdacarrier
=490  1\$aDMAG briefing ;$v2005/14
=650  \0$aHousing$zLondon$xStatistics.
=690  7\$aSocial Welfare$2blcoll
=710  2\$aGreater London Authority.$bData Management and Analysis Group.
=830  \0$aDMAG briefing ;$v2005/14
=852  41$aBritish Library$bHMNTS$j357080$cDRT
=CAT  \\$a7750$b40$c20050512$lBLL01$h1133
=CAT  \\$a7750$b40$c20050512$lBLL01$h1134
=CAT  \\$a11281$b40$c20050516$lBLL01$h1358
=CAT  \\$aBATCH-UPD$b40$c20070912$lBLL01$h2022
=CAT  \\$aBATCH$b00$c20080505$lBLL01$h1320
=CAT  \\$aBATCH$b00$c20091217$lBLL01$h0351
=CAT  \\$aWR10_184$c20101208$lBLL01$h1635
=CAT  \\$aBATCH$b00$c20110625$lBLL01$h0514
=CAT  \\$aBATCH-SWP4$c20110627$lBLL01$h1556
=CAT  \\$aWR12-140$c20121030$lBLL01$h1049
=CAT  \\$aWR13.144/5$c20140418$lBLL01$h0931
=FIN  \\$aY$d20050516
=DRT  \\$aVDEP
=STA  \\$aSUPPRESSED$bWR10_184
=LAS  \\$aWR13.144/5$b00$c20140418$lBLL01$h0931

