=LDR  01915 am a2200541 a 4500
=001  013198081
=003  Uk
=005  20050517095040.0
=006  m\\\\|\\\d\|\\\\\\
=007  cr||||||||||||
=008  050516s2004\\\\enk\\\\\s\\\\o000\0\eng\\
=FMT  \\$a  BK
=015  \\$aGBA541297$2bnb
=020  \\$cNo price
=040  \\$aUk$beng$cUk
=042  \\$aukblsr
=082  04$a541.39$222
=245  00$aFactors affecting fluorescence of thermally grown oxide in the presence of a thermal barrier coating$h[electronic resource] /$cJ.W. Nunn ... [et al.].
=260  \\$a[Teddington] :$bNational Physical Laboratory,$c2004.
=336  \\$atext$2rdacontent
=337  \\$acomputer$2rdamedia
=338  \\$aonline resource$2rdacarrier
=490  1\$aNPL report DEPC-MPE,$x1744-0262;$v006
=538  \\$aMode of access: World Wide Web.
=538  \\$aSystem requirements: IBM compatible PC; Windows; Adobe Acrobat Reader.
=500  \\$aTitle from PDF title screen.
=516  \\$aPDF format.
=650  \0$aOxides$xThermal properties.
=650  \0$aFluorescence.
=650  \0$aAerodynamic heating.
=700  1\$aNunn, J. W.$q(John W.)
=710  2\$aNational Physical Laboratory (Great Britain)
=830  \0$aNPL report DEPC-MPE,$x1744-0262;$v006
=852  41$aBritish Library$bHMNTS$j357075$cDRT
=CAT  \\$a6524$b40$c20050516$lBLL01$h0909
=CAT  \\$a6524$b40$c20050516$lBLL01$h0911
=CAT  \\$a11281$b40$c20050516$lBLL01$h1447
=CAT  \\$a5194$b40$c20050517$lBLL01$h0950
=CAT  \\$aBATCH-UPD$b40$c20070912$lBLL01$h2022
=CAT  \\$aBATCH$b00$c20080505$lBLL01$h1320
=CAT  \\$aBATCH$b00$c20091217$lBLL01$h0351
=CAT  \\$aWR10_184$c20101208$lBLL01$h1635
=CAT  \\$aWR12-140$c20121030$lBLL01$h1049
=CAT  \\$aWR13.144/5$c20140418$lBLL01$h0931
=FIN  \\$aY$d20050516
=DRT  \\$aVDEP
=STA  \\$aSUPPRESSED$bWR10_184
=LAS  \\$aWR13.144/5$b00$c20140418$lBLL01$h0931

