=LDR  01871 am a2200529 a 4500
=001  013198111
=003  Uk
=005  20050617101154.0
=006  m\\\\|\\\d\|\\\\\\
=007  cr||||||||||||
=008  050516s2005\\\\enk\\\\\s\\\\\000\0\eng\\
=FMT  \\$a  BK
=015  \\$aGBA549734$2bnb
=040  \\$aUk$beng$cUk
=042  \\$aukblsr
=082  04$a621.4$222
=245  00$aDetermination of interfacial stresses in thermal barrier coating systems$h[electronic resource] :$bfinal report prepared for DTI /$cE.P. Busso ... [et al.].
=260  \\$aTeddington :$bNational Physical Laboratory,$c2005.
=336  \\$atext$2rdacontent
=337  \\$acomputer$2rdamedia
=338  \\$aonline resource$2rdacarrier
=490  1\$aNPL report DEPC-MPE$v003
=538  \\$aMode of access: World Wide Web.
=538  \\$aSystem requirements: IBM compatible PC; Windows; Adobe Acrobat Reader.
=500  \\$aTitle PDF title page.
=516  \\$aPDF format.
=530  \\$aAlso issued in print format.
=650  \0$aProtective coatings.
=650  \0$aAerodynamic heating.
=700  1\$aBusso, E. P.$q(Esteban P.)
=710  2\$aNational Physical Laboratory (Great Britain)
=830  \0$aNPL report DEPC-MPE$v003
=852  41$aBritish Library$bHMNTS$j357071$cDRT
=CAT  \\$a6524$b40$c20050516$lBLL01$h0929
=CAT  \\$a6524$b40$c20050516$lBLL01$h0931
=CAT  \\$a7332$b40$c20050610$lBLL01$h1554
=CAT  \\$a5194$b40$c20050617$lBLL01$h1011
=CAT  \\$aBATCH-UPD$b40$c20070912$lBLL01$h2022
=CAT  \\$aBATCH$b00$c20080505$lBLL01$h1320
=CAT  \\$aBATCH$b00$c20091217$lBLL01$h0351
=CAT  \\$aWR10_184$c20101208$lBLL01$h1635
=CAT  \\$aWR12-140$c20121030$lBLL01$h1049
=CAT  \\$aWR13.144/5$c20140418$lBLL01$h0931
=FIN  \\$aY$d20050610
=DRT  \\$aVDEP
=STA  \\$aSUPPRESSED$bWR10_184
=LAS  \\$aWR13.144/5$b00$c20140418$lBLL01$h0931

