=LDR  01812 am a2200505 a 4500
=001  013198279
=003  Uk
=005  20050613164200.0
=006  m\\\\|\\\d\|\\\\\\
=007  cr||||||||||||
=008  050516s2004\\\\enk\\\\\s\\\\\000\0\eng\\
=FMT  \\$a  BK
=015  \\$aGBA550006$2bnb
=020  \\$cNo price
=040  \\$aUk$beng$cUk
=042  \\$aukblsr
=082  04$a621.372$222
=245  00$aCalibration and use of antennas, focusing on EMC applications$h[electronic resource] /$cM.J. Alexander ... [et al.].
=260  \\$aTeddington :$bNational Physical Laboratory,$c2004.
=336  \\$atext$2rdacontent
=337  \\$acomputer$2rdamedia
=338  \\$aonline resource$2rdacarrier
=490  1\$aMeasurement good practice guide,$x1368-6550 ;$vno. 73
=538  \\$aMode of access: World Wide Web.
=538  \\$aSystem requirements: IBM compatible PC; Windows; Adobe Acrobat Reader.
=500  \\$aTitle from PDF title screen.
=516  \\$aPDF format.
=650  \0$aAntennas (Electronics)$xCalibration.
=700  1\$aAlexander, M. J.$q(Martin J.)
=710  2\$aNational Physical Laboratory (Great Britain)
=830  \0$aMeasurement good practice guide,$x1368-6550 ;$vno. 73
=852  41$aBritish Library$bHMNTS$j357067$cDRT
=CAT  \\$a6524$b40$c20050516$lBLL01$h1058
=CAT  \\$a6524$b40$c20050516$lBLL01$h1101
=CAT  \\$a7332$b40$c20050613$lBLL01$h1642
=CAT  \\$aBATCH-UPD$b40$c20070912$lBLL01$h2022
=CAT  \\$aBATCH$b00$c20080505$lBLL01$h1320
=CAT  \\$aBATCH$b00$c20091217$lBLL01$h0351
=CAT  \\$aWR10_184$c20101208$lBLL01$h1635
=CAT  \\$aWR12-140$c20121030$lBLL01$h1049
=CAT  \\$aWR13.144/5$c20140418$lBLL01$h0931
=FIN  \\$aY$d20050613
=DRT  \\$aVDEP
=STA  \\$aSUPPRESSED$bWR10_184
=LAS  \\$aWR13.144/5$b00$c20140418$lBLL01$h0931

