=LDR  01739 am a2200517 a 4500
=001  013198455
=003  Uk
=005  20050617104538.0
=006  m\\\\|\\\d\|\\\\\\
=007  cr||||||||||||
=008  050516s2004\\\\enk\\\\\s\\\\\000\0\eng\\
=FMT  \\$a  BK
=015  \\$aGBA549707$2bnb
=020  \\$cNo price
=040  \\$aUk$beng$cUk
=042  \\$aukblsr
=082  04$a543.5$222
=100  1\$aKnox, Steven
=245  10$aInvestigation into optogalvanic reference lines$h[electronic resource] /$cSteven Knox.
=260  \\$aTeddington :$bNational Physical Laboratory,$c2004, c2005.
=336  \\$atext$2rdacontent
=337  \\$acomputer$2rdamedia
=338  \\$aonline resource$2rdacarrier
=490  1\$aNPL Report DEM-EM$v004
=538  \\$aMode of access: World Wide Web.
=538  \\$aSystem requirements: IBM compatible PC; Windows; Adobe Acrobat Reader.
=500  \\$aTitle PDF title page.
=516  \\$aPDF format.
=650  \0$aOptogalvanic spectroscopy.
=710  2\$aNational Physical Laboratory (Great Britain)
=830  \0$aNPL Report DEM-EM$v004
=852  41$aBritish Library$bHMNTS$j357076$cDRT
=CAT  \\$a6524$b40$c20050516$lBLL01$h1216
=CAT  \\$a6524$b40$c20050516$lBLL01$h1217
=CAT  \\$a7332$b40$c20050610$lBLL01$h1406
=CAT  \\$a5194$b40$c20050617$lBLL01$h1045
=CAT  \\$aBATCH-UPD$b40$c20070912$lBLL01$h2022
=CAT  \\$aBATCH$b00$c20080505$lBLL01$h1320
=CAT  \\$aBATCH$b00$c20091217$lBLL01$h0351
=CAT  \\$aWR10_184$c20101208$lBLL01$h1635
=CAT  \\$aWR12-140$c20121030$lBLL01$h1049
=CAT  \\$aWR13.144/5$c20140418$lBLL01$h0931
=FIN  \\$aY$d20050610
=DRT  \\$aVDEP
=STA  \\$aSUPPRESSED$bWR10_184
=LAS  \\$aWR13.144/5$b00$c20140418$lBLL01$h0931

