=LDR  01950 am a2200541 a 4500
=001  013198487
=003  Uk
=005  20050517112943.0
=006  m\\\\|\\\d\|\\\\\\
=007  cr||||||||||||
=008  050516s2004\\\\enk||||\s||||o00|\0\eng\\
=FMT  \\$a  BK
=015  \\$aGBA541306$2bnb
=040  \\$aUk$beng$cUk
=042  \\$aukblsr
=082  04$a621.372$222
=100  1\$aKnight, D. A.$q(David A.)
=245  10$aComparison of calibration methods for monopole antennas, with some analysis of the capacitance substitution method$h[electronic resource] /$cD.A. Knight, A. Nothofer, M.J. Alexander.
=260  \\$aTeddington :$bNational Physical Laboratory,$c2004.
=336  \\$atext$2rdacontent
=337  \\$acomputer$2rdamedia
=338  \\$aonline resource$2rdacarrier
=490  1\$aNPL report DEM-EM ;$v005
=538  \\$aMode of access: World Wide Web.
=538  \\$aSystem requirements: IBM compatible PC; Windows; Adobe Acrobat Reader.
=500  \\$aTitle PDF title page.
=516  \\$aPDF format.
=650  \0$aMonopole antennas$xCalibration.
=700  1\$aNothofer, A.
=700  1\$aAlexander, M. J.$q(Martin J.)
=710  2\$aNational Physical Laboratory (Great Britain)
=830  \0$aNPL report DEM-EM ;$v005
=852  41$aBritish Library$bHMNTS$j357069$cDRT
=CAT  \\$a6524$b40$c20050516$lBLL01$h1222
=CAT  \\$a6524$b40$c20050516$lBLL01$h1227
=CAT  \\$a8141$b40$c20050516$lBLL01$h1528
=CAT  \\$a8141$b40$c20050517$lBLL01$h0939
=CAT  \\$a5194$b40$c20050517$lBLL01$h1129
=CAT  \\$aBATCH-UPD$b40$c20070912$lBLL01$h2022
=CAT  \\$aBATCH$b00$c20080505$lBLL01$h1320
=CAT  \\$aBATCH$b00$c20091217$lBLL01$h0351
=CAT  \\$aWR10_184$c20101208$lBLL01$h1635
=CAT  \\$aWR12-140$c20121030$lBLL01$h1049
=CAT  \\$aWR13.144/5$c20140418$lBLL01$h0931
=FIN  \\$aY$d20050516
=DRT  \\$aVDEP
=STA  \\$aSUPPRESSED$bWR10_184
=LAS  \\$aWR13.144/5$b00$c20140418$lBLL01$h0931

