=LDR  02011 am a2200553 a 4500
=001  013198591
=003  Uk
=005  20050617141617.0
=006  m\\\\|\\\d\|\\\\\\
=007  cr||||||||||||
=008  050516s2004\\\\enk\\\\\s\\\\\000\0\eng\\
=FMT  \\$a  BK
=015  \\$aGBA549846$2bnb
=040  \\$aUk$beng$cUk
=042  \\$aukblsr
=082  04$a621.382$222
=100  1\$aHumphreys, David.
=245  13$aAn assessment of measurement requirements for the optical datacomms industry$h[electronic resource] /$cDavid Humphreys and Fabrice Bernard.
=260  \\$aTeddington :$bNational Physical Laboratory,$c2004.
=336  \\$atext$2rdacontent
=337  \\$acomputer$2rdamedia
=338  \\$aonline resource$2rdacarrier
=490  1\$aNPL Report DEM ultrafast and dielectric materials DEM-EM$v006
=538  \\$aMode of access: World Wide Web.
=538  \\$aSystem requirements: IBM compatible PC; Windows; Adobe Acrobat Reader.
=500  \\$aTitle PDF title page.
=516  \\$aPDF format.
=650  \0$aData transmission equipment industry.
=650  \0$aFiber optics.
=650  \0$aTelecommunication systems.
=700  1\$aBernard, Fabrice.
=710  2\$aNational Physical Laboratory (Great Britain)
=830  \0$aNPL Report DEM ultrafast and dielectric materials DEM-EM$v006
=852  41$aBritish Library$bHMNTS$j357065$cDRT
=CAT  \\$a6524$b40$c20050516$lBLL01$h1358
=CAT  \\$a6524$b40$c20050516$lBLL01$h1402
=CAT  \\$a7332$b40$c20050613$lBLL01$h1038
=CAT  \\$a7332$b40$c20050616$lBLL01$h1553
=CAT  \\$a5194$b40$c20050617$lBLL01$h1416
=CAT  \\$aBATCH-UPD$b40$c20070912$lBLL01$h2022
=CAT  \\$aBATCH$b00$c20080505$lBLL01$h1320
=CAT  \\$aBATCH$b00$c20091217$lBLL01$h0351
=CAT  \\$aWR10_184$c20101208$lBLL01$h1635
=CAT  \\$aWR12-140$c20121030$lBLL01$h1049
=CAT  \\$aWR13.144/5$c20140418$lBLL01$h0931
=FIN  \\$aY$d20050613
=DRT  \\$aVDEP
=STA  \\$aSUPPRESSED$bWR10_184
=LAS  \\$aWR13.144/5$b00$c20140418$lBLL01$h0931

