=LDR  01636 am a2200505 a 4500
=001  013204220
=003  Uk
=005  20050524111847.0
=006  m\\\\|\\\d\|\\\\\\
=007  cr||||||||||||
=008  050524s2005\\\\wlk\\\\\s\\\\\000\0\eng\\
=FMT  \\$a  BK
=015  \\$aGBA543259$2bnb
=020  \\$a1905293062 :$c£9.99
=040  \\$aUk$beng$cUk
=042  \\$aukblsr
=082  04$a658.85$222
=100  1\$aWinmill, Laurence.
=245  10$aAttitude$h[electronic resource] :$ba self assessment test /$c[Laurence Winmill].
=260  \\$a[Swansea] :$bAvagio,$c2005.
=336  \\$atext$2rdacontent
=337  \\$acomputer$2rdamedia
=338  \\$aonline resource$2rdacarrier
=538  \\$aMode of access: World Wide Web.
=538  \\$aSystem requirements: Adobe Acrobat Reader.
=500  \\$aTitle from PDF title screen.
=516  \\$aPDF format.
=650  \0$aSelling.
=650  \0$aSelf-perception.
=690  7\$aManagement and Business Studies$2blcoll
=852  41$aBritish Library$bHMNTS$j376520$cDRT
=CAT  \\$a7750$b40$c20050524$lBLL01$h0909
=CAT  \\$a11281$b40$c20050524$lBLL01$h1104
=CAT  \\$a11281$b40$c20050524$lBLL01$h1114
=CAT  \\$a11281$b40$c20050524$lBLL01$h1118
=CAT  \\$aBATCH-UPD$b40$c20070912$lBLL01$h2022
=CAT  \\$aBATCH$b00$c20080505$lBLL01$h1320
=CAT  \\$aBATCH$b00$c20090624$lBLL01$h1700
=CAT  \\$aWR10_184$c20101208$lBLL01$h1635
=CAT  \\$aWR12-140$c20121030$lBLL01$h1049
=CAT  \\$aWR13.144/5$c20140418$lBLL01$h0931
=FIN  \\$aY$d20050524
=DRT  \\$aVDEP
=STA  \\$aSUPPRESSED$bWR10_184
=LAS  \\$aWR13.144/5$b00$c20140418$lBLL01$h0931

