=LDR  01530 am a2200469 a 4500
=001  013204244
=003  Uk
=005  20050524120147.0
=006  m\\\\|\\\d\|\\\\\\
=007  cr||||||||||||
=008  050524s2005\\\\wlk\\\\\s\\\\\000\0\eng\\
=FMT  \\$a  BK
=015  \\$aGBA543282$2bnb
=020  \\$a1905293054 :$cNo price
=040  \\$aUk$beng$cUk
=042  \\$aukblsr
=082  04$a658.85$222
=100  1\$aWinmill, Laurence.
=245  10$aOpen your sales presentation with a brilliant introduction$h[electronic resource] /$c[Laurence Winmill]
=260  \\$a[Swansea] :$bAvagio,$c2005.
=336  \\$atext$2rdacontent
=337  \\$acomputer$2rdamedia
=338  \\$aonline resource$2rdacarrier
=538  \\$aMode of access: World Wide Web.
=538  \\$aSystem requirements: Adobe Acrobat Reader.
=500  \\$aTitle from PDF title screen.
=516  \\$aPDF format.
=650  \0$aSelling.
=690  7\$aManagement and Business Studies$2blcoll
=852  41$aBritish Library$bHMNTS$j376576$cDRT
=CAT  \\$a7750$b40$c20050524$lBLL01$h0922
=CAT  \\$a11281$b40$c20050524$lBLL01$h1201
=CAT  \\$aBATCH-UPD$b40$c20070912$lBLL01$h2022
=CAT  \\$aBATCH$b00$c20080505$lBLL01$h1320
=CAT  \\$aBATCH$b00$c20090624$lBLL01$h1700
=CAT  \\$aWR10_184$c20101208$lBLL01$h1635
=CAT  \\$aWR12-140$c20121030$lBLL01$h1049
=CAT  \\$aWR13.144/5$c20140418$lBLL01$h0931
=FIN  \\$aY$d20050524
=DRT  \\$aVDEP
=STA  \\$aSUPPRESSED$bWR10_184
=LAS  \\$aWR13.144/5$b00$c20140418$lBLL01$h0931

