=LDR  01960 am a2200529 a 4500
=001  013208539
=003  Uk
=005  20050527110712.0
=006  m\\\\|\\\d\|\\\\\\
=007  cr|bn\|||a||||
=008  050527s2003\\\\enk\\\\\s\\\\\000\0\eng\\
=FMT  \\$a  BK
=015  \\$aGBA545405$2bnb
=040  \\$aUk$beng$cUk
=042  \\$aukblsr
=082  04$a363.73828$222
=245  00$aValidation of sand scrubbing unit for the cleaning of oil contaminated sand.$h[electronic resource]
=260  \\$aSouthampton :$bThe Maritime and Coastguard Agency,$c2005.
=336  \\$atext$2rdacontent
=337  \\$acomputer$2rdamedia
=338  \\$aonline resource$2rdacarrier
=490  1\$aMCA research project ;$v479
=538  \\$aMode of access: World Wide Web.
=538  \\$aSystem requirements: IBM compatible PC; Windows; Adobe Acrobat Reader.
=500  \\$aTitle from PDF title page (viewed on 27 May, 2005)
=516  \\$aPDF format.
=500  \\$aResearch project carried out with the Environment Agency.
=530  \\$aAlso issued in print format.
=650  \0$aOil spills$xCleanup.
=650  \0$aOil spills$xEnvironmental aspects.
=710  2\$aMaritime and Coastguard Agency (Great Britain)
=710  1\$aGreat Britain.$bEnvironment Agency.
=830  \0$aResearch project (Maritime and Coastguard Agency (Great Britain)) ;$v479
=852  41$aBritish Library$bHMNTS$j376592$cDRT
=CAT  \\$a7750$b40$c20050527$lBLL01$h0857
=CAT  \\$a7332$b40$c20050527$lBLL01$h1107
=CAT  \\$aUE-01$b00$c20060421$lBLL01$h1418
=CAT  \\$aBATCH-UPD$b00$c20070912$lBLL01$h2022
=CAT  \\$aBATCH$b00$c20080505$lBLL01$h1320
=CAT  \\$aWR10_184$c20101208$lBLL01$h1635
=CAT  \\$aWR12-140$c20121030$lBLL01$h1049
=CAT  \\$aWR13.144/5$c20140418$lBLL01$h0931
=CAT  \\$aBATCH-UPD$b00$c20140716$lBLL01$h1455
=FIN  \\$aY$d20050527
=DRT  \\$aVDEP
=STA  \\$aSUPPRESSED$bWR10_184
=LAS  \\$aBATCH-UPD$b00$c20140716$lBLL01$h1455

