=LDR  01824 am a2200505 a 4500
=001  013213298
=003  Uk
=005  20050606092328.0
=006  m\\\\|\\\d\|\\\\\\
=007  cr||||||||||||
=008  050603s2005\\\\enk\\\\\s\\\\o000\0\eng\\
=FMT  \\$a  BK
=015  \\$aGBA547660$2bnb
=040  \\$aUk$beng$cUk
=042  \\$aukblsr
=082  04$a333.79320941$222
=245  03$aAn investigation into the development of consolidation of distributed generation within the wholesale electricity trading arrangements.$h[electronic resource]
=260  \\$a[London] :$bDTI,$c2004.
=336  \\$atext$2rdacontent
=337  \\$acomputer$2rdamedia
=338  \\$aonline resource$2rdacarrier
=538  \\$aMode of access: World Wide Web.
=538  \\$aSystem requirements: Adobe Acrobat Reader.
=500  \\$aTitle from PDF title screen (viewed on 6 June, 2005)
=516  \\$aPDF format.
=500  \\$aContract no.: DG/CG/00049/00/00.
=500  \\$aURN 05/1211.
=650  \0$aDistributed generation of electric power$zGreat Britain.
=710  1\$aGreat Britain.$bDepartment of Trade and Industry.
=852  41$aBritish Library$bHMNTS$j376517$cDRT
=985  \\$aRecord amended for WR# 13/070
=CAT  \\$a10902$b40$c20050603$lBLL01$h1610
=CAT  \\$a10902$b40$c20050603$lBLL01$h1613
=CAT  \\$a7332$b40$c20050606$lBLL01$h0923
=CAT  \\$aBATCH-UPD$b40$c20070723$lBLL01$h1556
=CAT  \\$aBATCH-UPD$b40$c20070912$lBLL01$h2022
=CAT  \\$aBATCH$b00$c20080505$lBLL01$h1320
=CAT  \\$aWR10_184$c20101208$lBLL01$h1635
=CAT  \\$aWR12-140$c20121030$lBLL01$h1049
=CAT  \\$aWR13_070$b00$c20130504$lBLL01$h0240
=CAT  \\$aWR13.144/5$c20140418$lBLL01$h0931
=FIN  \\$aY$d20050606
=DRT  \\$aVDEP
=STA  \\$aSUPPRESSED$bWR10_184
=LAS  \\$aWR13.144/5$b00$c20140418$lBLL01$h0931

