=LDR  01776 am a2200505 a 4500
=001  013223114
=003  Uk
=005  20050627094010.0
=006  m\\\\|\\\d\|\\\\\\
=007  cr||||||||||||
=008  050617s2005\\\\enk||||\s||||\00|\0\eng\\
=FMT  \\$a  BK
=015  \\$aGBA551842$2bnb
=040  \\$aUk$beng$cUk
=042  \\$aukblsr
=082  04$a332.6322$222
=100  1\$aPrior-Wandesforde, Robert.
=245  10$aSeasonal solutions$h[electronic resource] :$bthe influence of seasonal factors on markets /$cRobert Prior-Wandesforde.
=260  \\$aLondon :$bHSBC Bank plc,$c2005.
=336  \\$atext$2rdacontent
=337  \\$acomputer$2rdamedia
=338  \\$aonline resource$2rdacarrier
=490  0\$aHSBC global research / Macro global equity strategy
=538  \\$aMode of access: Internet.
=538  \\$aSystem requirements: Adobe Acrobat Reader.
=500  \\$aTitle from p. 1 of PDF file (viewed on 17 June, 2005)
=516  \\$aPDF format.
=650  \0$aSecurities industry$xSeasonal variations.
=650  \0$aStocks$xRate of return.
=690  7\$aManagement and Business Studies$2blcoll
=852  41$aBritish Library$bHMNTS$j376580$cDRT
=CAT  \\$a7750$b40$c20050617$lBLL01$h0821
=CAT  \\$a7750$b40$c20050617$lBLL01$h0822
=CAT  \\$a8141$b40$c20050617$lBLL01$h1540
=CAT  \\$a11278$b40$c20050627$lBLL01$h0940
=CAT  \\$aBATCH-UPD$b40$c20070912$lBLL01$h2022
=CAT  \\$aBATCH$b00$c20080505$lBLL01$h1320
=CAT  \\$aBATCH$b00$c20090624$lBLL01$h1701
=CAT  \\$aWR10_184$c20101208$lBLL01$h1635
=CAT  \\$aWR12-140$c20121030$lBLL01$h1049
=CAT  \\$aWR13.144/5$c20140418$lBLL01$h0931
=FIN  \\$aY$d20050617
=DRT  \\$aVDEP
=STA  \\$aSUPPRESSED$bWR10_184
=LAS  \\$aWR13.144/5$b00$c20140418$lBLL01$h0931

