=LDR  01039 am a22003013a 4500
=001  013243728
=003  Uk
=005  20200417183022.0
=008  050701s\\\\\\\\\\\\\\\\\\\\\\\0\\\\eng\\
=FMT  \\$a  BK
=041  1\$aeng$hfre
=245  \0$aHome grown feeds :$bthe Biotal way to increased profitability.
=260  \\$aCardiff :$bBiotal Ltd,$c2005[?].
=336  \\$atext$2rdacontent
=337  \\$aunmediated$2rdamedia
=338  \\$avolume$2rdacarrier
=852  41$aBritish Library$bHMNTS$j371998$cDRT
=985  \\$aUpgraded by BSS-generated file for WR1910-0531
=CAT  \\$a10902$b40$c20050701$lBLL01$h1414
=CAT  \\$a11249$b40$c20051031$lBLL01$h1130
=CAT  \\$aBATCH$b00$c20080505$lBLL01$h1320
=CAT  \\$aBATCH-UPD$b00$c20121031$lBLL01$h1323
=CAT  \\$aWR13.144/5$c20140418$lBLL01$h0931
=CAT  \\$aW1711-1225$c20171203$lBLL01$h1022
=CAT  \\$aW1910-0531$b00$c20200417$lBLL01$h1830
=DRT  \\$aVDEP
=STA  \\$aSUPPRESSED$bunable to determine reason for suppression
=LAS  \\$aW1910-0531$b00$c20200417$lBLL01$h1830

