=LDR  01622 am a2200481 a 4500
=001  013263497
=003  Uk
=005  20050729140952.0
=006  m\\\\|\\\d\|\\\\\\
=007  cr||||||||||||
=008  050729s2003\\\\enk||||\s\\\\\000\0\eng\\
=FMT  \\$a  BK
=015  \\$aGBA564239$2bnb
=040  \\$aUk$beng$cUk
=042  \\$aukblsr
=082  04$a381.45663109498$222
=245  04$aThe market for alcoholic drinks in Romania$h[electronic resource]
=260  \\$a[London] :$bEuromonitor,$c2003.
=336  \\$atext$2rdacontent
=337  \\$acomputer$2rdamedia
=338  \\$aonline resource$2rdacarrier
=538  \\$aMode of access: World Wide Web.
=538  \\$aSystem requirements: Adobe Acrobat Reader.
=500  \\$aTitle from PDF title page (viewed on 29 July, 2005)
=516  \\$aPDF format.
=530  \\$aAlso issued in print, html and Word formats.
=650  \0$aAlcoholic beverage industry$zRomania.
=650  \0$aAlcoholic beverages$zRomania.
=690  7\$aManagement and Business Studies$2blcoll
=710  2\$aEuromonitor PLC.
=852  41$aBritish Library$bSTI$j444807$cDRT
=CAT  \\$a11281$b40$c20050729$lBLL01$h1409
=CAT  \\$aUE-01$b00$c20050902$lBLL01$h1222
=CAT  \\$aBATCH-UPD$b00$c20070912$lBLL01$h2022
=CAT  \\$aBATCH$b00$c20080505$lBLL01$h1320
=CAT  \\$aBATCH$b00$c20090624$lBLL01$h1703
=CAT  \\$aWR10_184$c20101208$lBLL01$h1635
=CAT  \\$aWR12-140$c20121030$lBLL01$h1049
=CAT  \\$aWR13.144/5$c20140418$lBLL01$h0932
=FIN  \\$aY$d20050729
=DRT  \\$aVDEP
=STA  \\$aSUPPRESSED$bWR10_184
=LAS  \\$aWR13.144/5$b00$c20140418$lBLL01$h0932

