=LDR  01046 am a22003133a 4500
=001  013289984
=003  Uk
=005  20200417183038.0
=008  050909s\\\\\\\\\\\\\\\\\\\\\\\0\\\\eng\\
=FMT  \\$a  BK
=020  \\$a1846440572
=245  \0$aUsed Rover Streetwise (2003 - present) :$bBuyers guide.
=260  \\$aLondon :$bUsed Car Expert,$c2004.
=336  \\$atext$2rdacontent
=337  \\$aunmediated$2rdamedia
=338  \\$avolume$2rdacarrier
=852  41$aBritish Library$bHMNTS$cDRT$j403989
=985  \\$aUpgraded by BSS-generated file for WR1910-0531
=CAT  \\$a7750$b40$c20050909$lBLL01$h1019
=CAT  \\$a11249$b40$c20051107$lBLL01$h1613
=CAT  \\$aBATCH-UPD$b40$c20070912$lBLL01$h2022
=CAT  \\$aBATCH$b00$c20080505$lBLL01$h1320
=CAT  \\$aWR10_184$c20101208$lBLL01$h1636
=CAT  \\$aWR12-140$c20121030$lBLL01$h1049
=CAT  \\$aWR13.144/5$c20140418$lBLL01$h0933
=CAT  \\$aW1910-0531$b00$c20200417$lBLL01$h1830
=DRT  \\$aVDEP
=STA  \\$aSUPPRESSED$bWR10_184
=LAS  \\$aW1910-0531$b00$c20200417$lBLL01$h1830

