=LDR  01687 am a2200469 a 4500
=001  013293485
=003  Uk
=005  20050921085845.0
=006  m\\\\|\\\d\|\\\\\\
=007  cr||||||||||||
=008  050914s2005\\\\enk\\\\\s\\\\o000\0\eng\\
=FMT  \\$a  BK
=040  \\$aUk$beng$cUk
=042  \\$aukblsr
=082  04$a621.312429$222
=245  00$aSeven-layer membrane electrode assembly$h[electronic resource] :$ban innovative approach to PEM fuel cell design.
=260  \\$a[London] :$bDTI,$c2005.
=336  \\$atext$2rdacontent
=337  \\$acomputer$2rdamedia
=338  \\$aonline resource$2rdacarrier
=490  1\$aProject summary / DTI ;$vno. PS 233
=538  \\$aMode of access: World Wide Web.
=538  \\$aSystem requirements: Adobe Acrobat Reader.
=500  \\$aTitle from PDF title page (viewed on 20 Sept., 2005)
=516  \\$aIn PDF format.
=500  \\$aURN No. 05/1244.
=650  \0$aFuel cells.
=710  1\$aGreat Britain.$bDepartment of Trade and Industry.
=830  \0$aProject summary (Great Britain. Department of Trade and Industry)$vno. PS233.
=852  41$aBritish Library$bHMNTS$j472133$cDRT
=985  \\$aRecord amended for WR# 13/070
=CAT  \\$a10902$b40$c20050914$lBLL01$h1440
=CAT  \\$a10902$b40$c20050914$lBLL01$h1444
=CAT  \\$a7332$b40$c20050921$lBLL01$h0858
=CAT  \\$aBATCH$b00$c20080505$lBLL01$h1320
=CAT  \\$aWR13_070$b00$c20130504$lBLL01$h0241
=CAT  \\$aWR13.144/5$c20140418$lBLL01$h0933
=CAT  \\$aW1711-1225$c20171203$lBLL01$h1022
=FIN  \\$aY$d20050921
=DRT  \\$aVDEP
=STA  \\$aSUPPRESSED$bunable to determine reason for suppression
=LAS  \\$aW1711-1225$b00$c20171203$lBLL01$h1022

