=LDR  01154 am a22003253a 4500
=001  013298097
=003  Uk
=005  20201017092647.0
=008  050921s\\\\\\\\\\\\\\\\\\\\\\\0\\\\eng\\
=FMT  \\$a  BK
=020  \\$a1846442389
=245  \0$aUsed Vauxhall Vectra I (1995 - 2002) :$bBuyers guide.
=260  \\$aLondon :$bUsed Car Expert,$c2004.
=336  \\$atext$2rdacontent
=337  \\$aunmediated$2rdamedia
=338  \\$avolume$2rdacarrier
=883  0\$aLanguage codes assigned by Bayesian analysis of words present in record$d20200826$qUk$c0.9919
=852  41$aBritish Library$bHMNTS$j405231$cDRT
=985  \\$aUpgraded by BSS-generated file for WR2009-0365
=CAT  \\$a7750$b40$c20050921$lBLL01$h1207
=CAT  \\$a11249$b40$c20051108$lBLL01$h0900
=CAT  \\$aBATCH-UPD$b40$c20070912$lBLL01$h2022
=CAT  \\$aBATCH$b00$c20080505$lBLL01$h1320
=CAT  \\$aWR10_184$c20101208$lBLL01$h1636
=CAT  \\$aWR12-140$c20121030$lBLL01$h1049
=CAT  \\$aWR13.144/5$c20140418$lBLL01$h0933
=CAT  \\$aW2009-0365$b00$c20201017$lBLL01$h0926
=DRT  \\$aVDEP
=STA  \\$aSUPPRESSED$bWR10_184
=LAS  \\$aW2009-0365$b00$c20201017$lBLL01$h0926

