=LDR  01557 am a2200469 a 4500
=001  013344779
=003  Uk
=005  20071105073523.0
=006  m\\\\|\\\d\|\\\\\\
=007  cr||||||||||||
=008  051124s2005\\\\enk\\\\\s\\\\\000\0\eng\\
=FMT  \\$a  BK
=015  \\$aGBA613944$2bnb
=020  \\$a1846443113 :$cNo price
=040  \\$aUk$beng$cUk
=042  \\$aukblsr
=082  04$a388.342$222
=245  00$aHow to dramatically cut your fuel bills$h[electronic resource] :$bpetrol or diesel.
=260  \\$aLondon :$bSDO,$cc2005.
=336  \\$atext$2rdacontent
=337  \\$acomputer$2rdamedia
=338  \\$aonline resource$2rdacarrier
=538  \\$aMode of access: World Wide Web.
=538  \\$aSystem requirements: Adobe Acrobat Reader.
=500  \\$aTitle from p.1 of PDF file (viewed on 17 Jan., 2006).
=516  \\$aPDF format.
=650  \0$aAutomobiles$xCost of operation.
=650  \0$aAutomobiles$xFuel consumption.
=852  41$aBritish Library$bHMNTS$j441476$cDRT
=CAT  \\$a6524$b40$c20051124$lBLL01$h0916
=CAT  \\$a11249$b40$c20051129$lBLL01$h0855
=CAT  \\$a7332$b40$c20060117$lBLL01$h1104
=CAT  \\$aBATCH-UPD$b40$c20070912$lBLL01$h2023
=CAT  \\$a7332$b40$c20071105$lBLL01$h0735
=CAT  \\$aBATCH$b00$c20080505$lBLL01$h1320
=CAT  \\$aWR10_184$c20101208$lBLL01$h1636
=CAT  \\$aWR12-140$c20121030$lBLL01$h1049
=CAT  \\$aWR13.144/5$c20140418$lBLL01$h0934
=FIN  \\$aY$d20060117
=DRT  \\$aVDEP
=STA  \\$aSUPPRESSED$bWR10_184
=LAS  \\$aWR13.144/5$b00$c20140418$lBLL01$h0934

