=LDR  01659 am a2200493 a 4500
=001  013344788
=003  Uk
=005  20071008084116.0
=006  m\\\\|\\\d\|\\\\\\
=007  cr||||||||||||
=008  051124s2005\\\\enk\\\\\s\\\\\000\0\eng\\
=FMT  \\$a  BK
=015  \\$aGBA613370$2bnb
=020  \\$a1846443121 :$cNo price
=040  \\$aUk$beng$cUk
=042  \\$aukblsr
=082  04$a381.45629222$222
=245  00$aWhen & where to find the best car deals$h[electronic resource].
=260  \\$aLondon :$bSDO,$cc2005.
=336  \\$atext$2rdacontent
=337  \\$acomputer$2rdamedia
=338  \\$aonline resource$2rdacarrier
=538  \\$aMode of access: World Wide Web.
=538  \\$aSystem requirements: Adobe Acrobat Reader.
=500  \\$aTitle from PDF title page (viewed on 13 January, 2006).
=516  \\$aPDF format.
=650  \0$aUsed cars$zGreat Britain$xPurchasing.
=690  7\$aManagement and Business Studies$2blcoll
=852  41$aBritish Library$bHMNTS$j441525$cDRT
=CAT  \\$a6524$b40$c20051124$lBLL01$h0922
=CAT  \\$a11249$b40$c20051129$lBLL01$h0858
=CAT  \\$a11281$b40$c20060113$lBLL01$h0817
=CAT  \\$a11281$b40$c20060113$lBLL01$h0833
=CAT  \\$aBATCH-UPD$b40$c20070912$lBLL01$h2023
=CAT  \\$a11281$b40$c20071008$lBLL01$h0841
=CAT  \\$aBATCH$b00$c20080505$lBLL01$h1320
=CAT  \\$aBATCH$b00$c20090624$lBLL01$h1707
=CAT  \\$aWR10_184$c20101208$lBLL01$h1636
=CAT  \\$aWR12-140$c20121030$lBLL01$h1049
=CAT  \\$aWR13.144/5$c20140418$lBLL01$h0934
=FIN  \\$aY$d20060113
=DRT  \\$aVDEP
=STA  \\$aSUPPRESSED$bWR10_184
=LAS  \\$aWR13.144/5$b00$c20140418$lBLL01$h0934

