=LDR  01167 am a22003373a 4500
=001  013430785
=003  Uk
=005  20200417183131.0
=008  060321s\\\\\\\\\\\\\\\\\\\\\\\0\\\\eng\\
=FMT  \\$a  BK
=100  1\$aHaque, M. Emranul.
=245  \0$aCorruption and development: a test for non-linearities.
=260  \\$aNottingham :$bUniversity of Nottingham,$c2005.
=336  \\$atext$2rdacontent
=337  \\$aunmediated$2rdamedia
=338  \\$avolume$2rdacarrier
=490  \\$aResearch paper series$v2005/25
=852  41$aBritish Library$bHMNTS$j457150$cDRT
=985  \\$aUpgraded by BSS-generated file for WR1910-0531
=CAT  \\$a10902$b40$c20060321$lBLL01$h1345
=CAT  \\$a10902$b40$c20060323$lBLL01$h1109
=CAT  \\$aBATCH-UPD$b40$c20070912$lBLL01$h2023
=CAT  \\$aBATCH$b00$c20080505$lBLL01$h1320
=CAT  \\$aWR10_184$c20101208$lBLL01$h1636
=CAT  \\$aWR12-140$c20121030$lBLL01$h1049
=CAT  \\$aWR13.144/5$c20140418$lBLL01$h0936
=CAT  \\$aW1910-0531$b00$c20200417$lBLL01$h1831
=CAT  \\$aBATCH-UPD$b00$c20200418$lBLL01$h0429
=DRT  \\$aVDEP
=STA  \\$aSUPPRESSED$bWR10_184
=LAS  \\$aBATCH-UPD$b00$c20200418$lBLL01$h0429

