=LDR  01295 am a22003493a 4500
=001  013433323
=003  Uk
=005  20201017092744.0
=008  060323s\\\\\\\\\\\\\\\\\\\\\\\0\\\\eng\\
=FMT  \\$a  BK
=100  1\$aGreenaway, David.
=245  \4$aThe politics of (anti-)globalization: what do we learn from simple models.
=260  \\$aNottingham :$bUniversity of Nottingham,$c2005.
=336  \\$atext$2rdacontent
=337  \\$aunmediated$2rdamedia
=338  \\$avolume$2rdacarrier
=490  \\$aResearch paper series$v2005/35
=883  0\$aLanguage codes assigned by Bayesian analysis of words present in record$d20200826$qUk$c0.9919
=852  41$aBritish Library$bHMNTS$j457198$cDRT
=985  \\$aUpgraded by BSS-generated file for WR2009-0365
=CAT  \\$a10902$b40$c20060323$lBLL01$h0839
=CAT  \\$a10902$b40$c20060323$lBLL01$h1028
=CAT  \\$aBATCH-UPD$b40$c20070912$lBLL01$h2023
=CAT  \\$aBATCH$b00$c20080505$lBLL01$h1320
=CAT  \\$aWR10_184$c20101208$lBLL01$h1636
=CAT  \\$aWR12-140$c20121030$lBLL01$h1049
=CAT  \\$aWR13.144/5$c20140418$lBLL01$h0936
=CAT  \\$aW2009-0365$b00$c20201017$lBLL01$h0927
=CAT  \\$aBATCH-UPD$b00$c20201017$lBLL01$h2232
=DRT  \\$aVDEP
=STA  \\$aSUPPRESSED$bWR10_184
=LAS  \\$aBATCH-UPD$b00$c20201017$lBLL01$h2232

