=LDR  01533 am a22004217a 4500
=001  013454316
=003  Uk
=005  20060510092054.0
=006  m\\\\|\\\d\|\\\\\\
=007  cr||||||||||||
=008  060425s2004\\\\enk\\\\\s\\\\o000\0\eng\\
=FMT  \\$a  BK
=040  \\$aUk$beng$cUk
=245  00$aOBIN (a comprehensive study for the justification of investment)$h[electronic resource] :$bAndreeva Bay programme, NW Russia.
=260  \\$a[London] :$bDTI,$c[2004].
=336  \\$atext$2rdacontent
=337  \\$acomputer$2rdamedia
=338  \\$aonline resource$2rdacarrier
=538  \\$aMode of access: World Wide Web.
=538  \\$aSystem requirements: Adobe Acrobat Reader.
=500  \\$aTitle from PDF title page (viewed on 10 May, 2006)
=516  \\$aPDF format.
=500  \\$aPublisher's no.: URN 04/2180.
=710  1\$aGreat Britain.$bDepartment of Trade and Industry.
=852  41$aBritish Library$bHMNTS$j498216$cDRT
=985  \\$aRecord amended for WR# 13/070
=CAT  \\$a7750$b40$c20060425$lBLL01$h1601
=CAT  \\$a7750$b40$c20060425$lBLL01$h1602
=CAT  \\$a11281$b40$c20060510$lBLL01$h0920
=CAT  \\$aBATCH-UPD$b40$c20070723$lBLL01$h1617
=CAT  \\$aBATCH$b00$c20080505$lBLL01$h1320
=CAT  \\$aWR13_070$b00$c20130504$lBLL01$h0244
=CAT  \\$aWR13.144/5$c20140418$lBLL01$h0937
=CAT  \\$aW1711-1225$c20171203$lBLL01$h1023
=FIN  \\$aY$d20060510
=DRT  \\$aVDEP
=STA  \\$aSUPPRESSED$bunable to determine reason for suppression
=LAS  \\$aW1711-1225$b00$c20171203$lBLL01$h1023

