=LDR  00981 am a22002893a 4500
=001  013456991
=003  Uk
=005  20200417183140.0
=008  060427s\\\\\\\\\\\\\\\\\\\\\\\0\\\\eng\\
=FMT  \\$a  BK
=245  \0$aInternational guidelines for the management of civil plutonium.
=260  \\$aLondon :$bDTI,$c1998.
=336  \\$atext$2rdacontent
=337  \\$aunmediated$2rdamedia
=338  \\$avolume$2rdacarrier
=500  \\$aURN No.:98/1248
=852  41$aBritish Library$bHMNTS$j508022$cDRT
=985  \\$aUpgraded by BSS-generated file for WR1910-0531
=CAT  \\$a7750$b40$c20060427$lBLL01$h1130
=CAT  \\$a7750$b40$c20060427$lBLL01$h1131
=CAT  \\$aBATCH$b00$c20080505$lBLL01$h1320
=CAT  \\$aWR13.144/5$c20140418$lBLL01$h0937
=CAT  \\$aW1711-1225$c20171203$lBLL01$h1023
=CAT  \\$aW1910-0531$b00$c20200417$lBLL01$h1831
=DRT  \\$aVDEP
=STA  \\$aSUPPRESSED$bunable to determine reason for suppression
=LAS  \\$aW1910-0531$b00$c20200417$lBLL01$h1831

