=LDR  01125 am a22003253a 4500
=001  013457367
=003  Uk
=005  20200417183140.0
=008  060427s\\\\\\\\\\\\\\\\\\\\\\\0\\\\eng\\
=FMT  \\$a  BK
=020  \\$a0755929764
=245  \0$aPre-school and childcare workforce statistics 2005.
=260  \\$aEdinburgh :$bScottish Exexutive,$c2006.
=336  \\$atext$2rdacontent
=337  \\$aunmediated$2rdamedia
=338  \\$avolume$2rdacarrier
=490  \\$aStatistics publication notice - education series$v1479-7569
=852  41$aBritish Library$bHMNTS$j499363$cDRT
=985  \\$aUpgraded by BSS-generated file for WR1910-0531
=CAT  \\$a10902$b40$c20060427$lBLL01$h1408
=CAT  \\$a10902$b40$c20060427$lBLL01$h1409
=CAT  \\$aBATCH-UPD$b40$c20070912$lBLL01$h2023
=CAT  \\$aBATCH$b00$c20080505$lBLL01$h1320
=CAT  \\$aWR10_184$c20101208$lBLL01$h1636
=CAT  \\$aWR12-140$c20121030$lBLL01$h1049
=CAT  \\$aWR13.144/5$c20140418$lBLL01$h0937
=CAT  \\$aW1910-0531$b00$c20200417$lBLL01$h1831
=DRT  \\$aVDEP
=STA  \\$aSUPPRESSED$bWR10_184
=LAS  \\$aW1910-0531$b00$c20200417$lBLL01$h1831

