=LDR  00958 am a22002773a 4500
=001  013461250
=003  Uk
=005  20200417183141.0
=008  060504s\\\\\\\\\\\\\\\\\\\\\\\0\\\\eng\\
=FMT  \\$a  BK
=245  \0$aConstruction statistics survey :$binquiry of activity for construction and allied trades.
=260  \\$aLondon :$bDTI,$c2006.
=336  \\$atext$2rdacontent
=337  \\$aunmediated$2rdamedia
=338  \\$avolume$2rdacarrier
=500  \\$aURN No.:06/821
=852  41$aBritish Library$bHMNTS$j499428$cDRT
=985  \\$aUpgraded by BSS-generated file for WR1910-0531
=CAT  \\$a7750$b40$c20060504$lBLL01$h1402
=CAT  \\$aBATCH$b00$c20080505$lBLL01$h1320
=CAT  \\$aWR13.144/5$c20140418$lBLL01$h0937
=CAT  \\$aW1711-1225$c20171203$lBLL01$h1024
=CAT  \\$aW1910-0531$b00$c20200417$lBLL01$h1831
=DRT  \\$aVDEP
=STA  \\$aSUPPRESSED$bunable to determine reason for suppression
=LAS  \\$aW1910-0531$b00$c20200417$lBLL01$h1831

