=LDR  01817 am a2200505 a 4500
=001  013476766
=003  Uk
=005  20060728085733.0
=006  m\\\\|\\\d\|\\\\\\
=007  cr||||||||||||
=008  060524s2006\\\\enk\\\\\s\\\\\00|\0\eng\\
=FMT  \\$a  BK
=015  \\$aGBA665835$2bnb
=020  \\$a1854496387 :$cNo price
=040  \\$aUk$beng$cUk
=042  \\$aukblsr
=082  04$a332.41$222
=245  00$aInflation forecasting, relative price variability and skewness$h[electronic resource] /$cby Jane M. Binner ... [et al.]
=260  \\$aBirmingham :$bAston Business School,$c2006.
=336  \\$atext$2rdacontent
=337  \\$acomputer$2rdamedia
=338  \\$aonline resource$2rdacarrier
=490  1\$aAston Business School research papers ;$vRP0615
=538  \\$aMode of access: World Wide Web.
=538  \\$aSystem requirements: Adobe Acrobat Reader.
=500  \\$aTitle from PDF title page (viewed on 28 July, 2006)
=516  \\$aPDF format.
=650  \0$aInflation (Finance)
=650  \0$aInflation (Finance)$xMathematical models.
=700  1\$aBinner, Jane M.,$d1961-
=830  \0$aAston Business School research papers ;$vRP0615.
=852  41$aBritish Library$bHMNTS$j519536$cDRT
=CAT  \\$a7750$b40$c20060524$lBLL01$h1353
=CAT  \\$a7750$b40$c20060524$lBLL01$h1354
=CAT  \\$a11281$b40$c20060728$lBLL01$h0857
=CAT  \\$aBATCH$b00$c20080505$lBLL01$h1320
=CAT  \\$aBATCH$b00$c20091217$lBLL01$h0422
=CAT  \\$aBATCH$b00$c20100103$lBLL01$h1216
=CAT  \\$aBATCH-UPD$b00$c20100910$lBLL01$h2020
=CAT  \\$aWR13.144/5$c20140418$lBLL01$h0938
=CAT  \\$aW1711-1225$c20171203$lBLL01$h1024
=FIN  \\$aY$d20060728
=DRT  \\$aVDEP
=STA  \\$aSUPPRESSED$bunable to determine reason for suppression
=LAS  \\$aW1711-1225$b00$c20171203$lBLL01$h1024

