=LDR  01083 am a22003133a 4500
=001  013477125
=003  Uk
=005  20200417183145.0
=008  060525s\\\\\\\\\\\\\\\\\\\\\\\0\\\\eng\\
=FMT  \\$a  BK
=245  \0$aAssessment of changes to the performance of gas appliances in relation to variations in gas quality.
=260  \\$aLondon :$bDTI,$c2005.
=336  \\$atext$2rdacontent
=337  \\$aunmediated$2rdamedia
=338  \\$avolume$2rdacarrier
=500  \\$aURN No.:05/1938
=852  41$aBritish Library$bHMNTS$j519491$cDRT
=985  \\$aUpgraded by BSS-generated file for WR1910-0531
=CAT  \\$a7750$b40$c20060525$lBLL01$h0828
=CAT  \\$a7750$b40$c20060525$lBLL01$h0829
=CAT  \\$aBATCH-UPD$b40$c20070912$lBLL01$h2023
=CAT  \\$aBATCH$b00$c20080505$lBLL01$h1320
=CAT  \\$aWR10_184$c20101208$lBLL01$h1636
=CAT  \\$aWR12-140$c20121030$lBLL01$h1049
=CAT  \\$aWR13.144/5$c20140418$lBLL01$h0938
=CAT  \\$aW1910-0531$b00$c20200417$lBLL01$h1831
=DRT  \\$aVDEP
=STA  \\$aSUPPRESSED$bWR10_184
=LAS  \\$aW1910-0531$b00$c20200417$lBLL01$h1831

