=LDR  01694 am a2200481 a 4500
=001  013477469
=003  Uk
=005  20060607091309.0
=006  m\\\\|\\\d\|\\\\\\
=007  cr||||||||||||
=008  060525s2004\\\\enk\\\\\s\\\\o000\0\eng\\
=FMT  \\$a  BK
=040  \\$aUk$beng$cUk
=042  \\$aukblsr
=082  04$a338.4$222
=245  00$aDTI standard terms and conditions of contact for services$h[electronic resource] :$b(including hire, lease and facilities management)
=260  \\$a[London :$bDTI,$c2004].
=336  \\$atext$2rdacontent
=337  \\$acomputer$2rdamedia
=338  \\$aonline resource$2rdacarrier
=538  \\$aMode of access: World Wide Web.
=500  \\$aTitle from html title screen (viewed on 7 June, 2006)
=516  \\$aHTML format.
=500  \\$aPublisher's no.: URN 04/2265.
=650  \0$aContracts.
=650  \0$aService industries.
=710  1\$aGreat Britain.$bDepartment of Trade and Industry.
=852  41$aBritish Library$bHMNTS$j519510$cDRT
=985  \\$aRecord amended for WR# 13/070
=CAT  \\$a7750$b40$c20060525$lBLL01$h1105
=CAT  \\$a7750$b40$c20060525$lBLL01$h1106
=CAT  \\$a11281$b40$c20060607$lBLL01$h0911
=CAT  \\$a11281$b40$c20060607$lBLL01$h0912
=CAT  \\$a11281$b40$c20060607$lBLL01$h0913
=CAT  \\$aBATCH-UPD$b40$c20070723$lBLL01$h1628
=CAT  \\$aBATCH$b00$c20080505$lBLL01$h1320
=CAT  \\$aWR13_070$b00$c20130504$lBLL01$h0245
=CAT  \\$aWR13.144/5$c20140418$lBLL01$h0938
=CAT  \\$aW1711-1225$c20171203$lBLL01$h1024
=FIN  \\$aY$d20060607
=DRT  \\$aVDEP
=STA  \\$aSUPPRESSED$bunable to determine reason for suppression
=LAS  \\$aW1711-1225$b00$c20171203$lBLL01$h1024

