=LDR  01727 am a2200541 a 4500
=001  006944794
=003  Uk
=005  20110127114035.0
=006  m\\\\|\\\d\|\\\\\\
=007  cr||||||||||||
=008  040423s2003\\\\enk|||||s|||||000|0|eng\\
=FMT  \\$a  BK
=015  \\$aGBA517445$2bnb
=020  \\$cNo price
=040  \\$aUk$beng$cUk
=042  \\$aukblsr
=082  04$a384.53$222
=245  00$aSymbian and the smartphone market$h[electronic resource]
=260  \\$a[Great Britain] :$bOvum Ltd,$cc2003.
=336  \\$atext$2rdacontent
=337  \\$acomputer$2rdamedia
=338  \\$aonline resource$2rdacarrier
=538  \\$aMode of access: Internet.
=538  \\$aSystem requirements: IBM compatible PC; Windows; Adobe Acrobat Reader.
=500  \\$aTitle from p.1 PDF document.
=516  \\$aPDF format.
=650  \0$aMobile communication systems.
=650  \0$aCell phones.
=650  \0$aMarket surveys.
=710  2\$aOvum (Firm)
=852  41$aBritish Library$bHMNTS$j344987$cDRT
=CAT  \\$aCONV$b00$c20040502$lBLL01$h1203
=CAT  \\$a7332$b40$c20050304$lBLL01$h0910
=CAT  \\$a12240$b40$c20070817$lBLL01$h1718
=CAT  \\$a12240$b40$c20070817$lBLL01$h1741
=CAT  \\$aBATCH-UPD$b40$c20071003$lBLL01$h1540
=CAT  \\$aBATCH$b00$c20080505$lBLL01$h1319
=CAT  \\$aBATCH$b00$c20091207$lBLL01$h0321
=CAT  \\$aWR10_184$c20101208$lBLL01$h1635
=CAT  \\$a11249$b40$c20110127$lBLL01$h1140
=CAT  \\$aWR12-140$c20121030$lBLL01$h1048
=CAT  \\$aWR13.144/5$c20140418$lBLL01$h0800
=FIN  \\$aY$d20050304
=LDO  \\$aBLEF
=DRT  \\$aVDEP
=SRC  \\$aLDS01$bbiblm.200404.2.aa
=STA  \\$aSUPPRESSED$bWR10_184
=LAS  \\$aWR13.144/5$b00$c20140418$lBLL01$h0800

