=LDR  01801 am a2200553 a 4500
=001  006944851
=003  Uk
=005  20110126140037.0
=006  m\\\\|\\\d\|\\\\\\
=007  cr||||||||||||
=008  040423s2003\\\\enk|||||s|||||000|0|eng\\
=FMT  \\$a  BK
=015  \\$aGBA517378$2bnb
=020  \\$cNo price
=040  \\$aUk$beng$cUk
=042  \\$aukblsr
=082  04$a384.534$222
=100  1\$aZoller, Eden.
=245  10$aMaking money from wireless content$h[electronic resource] /$cEden Zoller, Dario Betti, Rosalie Nelson.
=260  \\$a[London] :$bOvum Ltd.,$c2003.
=336  \\$atext$2rdacontent
=337  \\$acomputer$2rdamedia
=338  \\$aonline resource$2rdacarrier
=538  \\$aMode of access: World Wide Web.
=538  \\$aSystem requirements: IBM compatible PC; Windows; Adobe Acrobat Reader.
=500  \\$aTitle from title screen.
=516  \\$aPDF format.
=650  \0$aCell phone services industry.
=700  1\$aBetti, Dario.
=700  1\$aNelson, Rosalie.
=710  2\$aOvum (Firm)
=852  41$aBritish Library$bHMNTS$j344939$cDRT
=CAT  \\$aCONV$b00$c20040502$lBLL01$h1203
=CAT  \\$a7332$b40$c20050307$lBLL01$h0856
=CAT  \\$a12240$b40$c20070817$lBLL01$h1719
=CAT  \\$a12240$b40$c20070817$lBLL01$h1741
=CAT  \\$aBATCH-UPD$b40$c20071003$lBLL01$h1540
=CAT  \\$aBATCH$b00$c20080505$lBLL01$h1319
=CAT  \\$aBATCH$b00$c20091207$lBLL01$h0321
=CAT  \\$aWR10_184$c20101208$lBLL01$h1635
=CAT  \\$a11249$b40$c20110126$lBLL01$h1400
=CAT  \\$aWR12-140$c20121030$lBLL01$h1048
=CAT  \\$aWR13.144/5$c20140418$lBLL01$h0800
=FIN  \\$aY$d20050307
=LDO  \\$aBLEF
=DRT  \\$aVDEP
=SRC  \\$aLDS01$bbiblm.200404.2.aa
=STA  \\$aSUPPRESSED$bWR10_184
=LAS  \\$aWR13.144/5$b00$c20140418$lBLL01$h0800

