=LDR  01815 am a2200541 a 4500
=001  006957076
=003  Uk
=005  20050317130906.0
=006  m\\\\|\\\d\|\\\\\\
=007  cr|cn\|||a||||
=008  040423s2003\\\\enk||||\s||||\00||0\eng\\
=FMT  \\$a  BK
=015  \\$aGBA524254$2bnb
=020  \\$cNo price
=040  \\$aUk$beng$cUk
=042  \\$aukblsr
=082  04$a658.0553$222
=245  00$aSoftware licensing and open source$h[electronic resource] :$bthe enterprise in the maze.
=260  \\$a[London] :$bOvum,$cc2003.
=336  \\$atext$2rdacontent
=337  \\$acomputer$2rdamedia
=338  \\$aonline resource$2rdacarrier
=538  \\$aMode of access: Internet.
=538  \\$aSystem requirements: IBM compatible PC; Windows; Adobe Acrobat Reader.
=500  \\$aTitle from p.1 of PDF file.
=516  \\$aPDF format.
=650  \0$aCopyright$xComputer programs.
=650  \0$aComputer software industry$xLicenses.
=650  \0$aLicense agreements.
=650  \0$aOpen source software$xLaw and legislation.
=690  7\$aManagement and Business Studies$2blcoll
=852  41$aBritish Library$bHMNTS$j344957$cDRT
=CAT  \\$aCONV$b00$c20040502$lBLL01$h1204
=CAT  \\$a6524$b40$c20050215$lBLL01$h1544
=CAT  \\$a8141$b40$c20050317$lBLL01$h1309
=CAT  \\$aBATCH-UPD$b40$c20071003$lBLL01$h1540
=CAT  \\$aBATCH$b00$c20080505$lBLL01$h1319
=CAT  \\$aBATCH$b00$c20090517$lBLL01$h1132
=CAT  \\$aBATCH$b00$c20091207$lBLL01$h0322
=CAT  \\$aWR10_184$c20101208$lBLL01$h1635
=CAT  \\$aWR12-140$c20121030$lBLL01$h1048
=CAT  \\$aWR13.144/5$c20140418$lBLL01$h0800
=FIN  \\$aY$d20050317
=LDO  \\$aBLEF
=DRT  \\$aVDEP
=SRC  \\$aLDS01$bbiblm.200404.2.aa
=STA  \\$aSUPPRESSED$bWR10_184
=LAS  \\$aWR13.144/5$b00$c20140418$lBLL01$h0800

