=LDR  01562 am a2200493 a 4500
=001  006957094
=003  Uk
=005  20050307085217.0
=006  m\\\\|\\\d\|\\\\\\
=007  cr||||||||||||
=008  040423s2003\\\\enk|||||s|||||000|0|eng\\
=FMT  \\$a  BK
=015  \\$aGBA517399$2bnb
=020  \\$cNo price
=040  \\$aUk$beng$cUk
=042  \\$aukblsr
=082  04$a384.041$222
=245  00$aEastern Europe's power players$h[electronic resource]
=260  \\$a[London] :$bOvum Ltd.,$cc2003.
=336  \\$atext$2rdacontent
=337  \\$acomputer$2rdamedia
=338  \\$aonline resource$2rdacarrier
=538  \\$aMode of access: Internet.
=538  \\$aSystem requirements: IBM compatible PC; Windows; Adobe Acrobat Reader.
=500  \\$aTitle from title screen.
=516  \\$aPDF format.
=650  \0$aTelecommunication$zEurope, Eastern.
=650  \0$aMarket surveys$zEurope, Eastern.
=710  2\$aOvum (Firm)
=852  41$aBritish Library$bHMNTS$j344911$cDRT
=CAT  \\$aCONV$b00$c20040502$lBLL01$h1204
=CAT  \\$a7332$b40$c20050307$lBLL01$h0852
=CAT  \\$aBATCH-UPD$b40$c20071003$lBLL01$h1540
=CAT  \\$aBATCH$b00$c20080505$lBLL01$h1319
=CAT  \\$aBATCH$b00$c20091207$lBLL01$h0322
=CAT  \\$aWR10_184$c20101208$lBLL01$h1635
=CAT  \\$aWR12-140$c20121030$lBLL01$h1048
=CAT  \\$aWR13.144/5$c20140418$lBLL01$h0800
=FIN  \\$aY$d20050228
=LDO  \\$aBLEF
=DRT  \\$aVDEP
=SRC  \\$aLDS01$bbiblm.200404.2.aa
=STA  \\$aSUPPRESSED$bWR10_184
=LAS  \\$aWR13.144/5$b00$c20140418$lBLL01$h0800

