=LDR  01671 am a2200517 a 4500
=001  006957119
=003  Uk
=005  20050307084412.0
=006  m\\\\|\\\d\|\\\\\\
=007  cr||||||||||||
=008  040423s2003\\\\enk|||||s|||||000|0|eng\\
=FMT  \\$a  BK
=015  \\$aGBA517407$2bnb
=020  \\$cNo price
=040  \\$aUk$beng$cUk
=042  \\$aukblsr
=082  04$a384.534$222
=245  00$aMobile termination rates$h[electronic resource] :$bdoomed to decline?
=260  \\$a[London] :$bOvum Ltd.,$cc2003.
=336  \\$atext$2rdacontent
=337  \\$acomputer$2rdamedia
=338  \\$aonline resource$2rdacarrier
=538  \\$aMode of access: Internet.
=538  \\$aSystem requirements: IBM compatible PC; Windows; Adobe Acrobat Reader.
=500  \\$aTitle from title screen.
=516  \\$aPDF format.
=650  \0$aCellular telephones$xRates.
=650  \0$aCell phone services industry$xRates.
=710  2\$aOvum (Firm)
=852  41$aBritish Library$bHMNTS$j344944$cDRT
=CAT  \\$aCONV$b00$c20040502$lBLL01$h1204
=CAT  \\$a6524$b40$c20050215$lBLL01$h1537
=CAT  \\$a7332$b40$c20050307$lBLL01$h0844
=CAT  \\$aBATCH-UPD$b40$c20071003$lBLL01$h1540
=CAT  \\$aBATCH$b00$c20080505$lBLL01$h1319
=CAT  \\$aBATCH$b00$c20091207$lBLL01$h0322
=CAT  \\$aWR10_184$c20101208$lBLL01$h1635
=CAT  \\$a11249$b40$c20110126$lBLL01$h1724
=CAT  \\$aWR12-140$c20121030$lBLL01$h1048
=CAT  \\$aWR13.144/5$c20140418$lBLL01$h0800
=FIN  \\$aY$d20050307
=LDO  \\$aBLEF
=DRT  \\$aVDEP
=SRC  \\$aLDS01$bbiblm.200404.2.aa
=STA  \\$aSUPPRESSED$bWR10_184
=LAS  \\$aWR13.144/5$b00$c20140418$lBLL01$h0800

