=LDR  01861 am a2200565 a 4500
=001  006957141
=003  Uk
=005  20050314101606.0
=006  m\\\\|\\\d\|\\\\\\
=007  cr||||||||||||
=008  040423s2002\\\\enk|||||s|||||000|0|eng\\
=FMT  \\$a  BK
=015  \\$aGBA517434$2bnb
=020  \\$cNo price
=040  \\$aUk$beng$cUk
=042  \\$aukblsr
=082  04$a384.5554$222
=100  1\$aBetti, Dario.
=245  10$aTelevision on demand$h[electronic resource] :$bthe case for video-class broadband /$cDario Betti, Katharine [sic] Grimme, Rosalie Nelson.
=260  \\$a[London] :$bOvum Ltd.,$cc2002.
=336  \\$atext$2rdacontent
=337  \\$acomputer$2rdamedia
=338  \\$aonline resource$2rdacarrier
=538  \\$aMode of access: Internet.
=538  \\$aSystem requirements: IBM compatible PC; Windows; Adobe Acrobat Reader.
=500  \\$aTitle from title screen.
=516  \\$aPDF format.
=650  \0$aSubscription television.
=650  \0$aMarket surveys.
=700  1\$aGrimme, Katharina.
=700  1\$aNelson, Rosalie.
=710  2\$aOvum (Firm)
=852  41$aBritish Library$bHMNTS$j344960$cDRT
=CAT  \\$aCONV$b00$c20040502$lBLL01$h1204
=CAT  \\$a6524$b40$c20050215$lBLL01$h1605
=CAT  \\$a6524$b40$c20050215$lBLL01$h1606
=CAT  \\$a7332$b40$c20050304$lBLL01$h0924
=CAT  \\$a5194$b40$c20050314$lBLL01$h1016
=CAT  \\$aBATCH-UPD$b40$c20071003$lBLL01$h1540
=CAT  \\$aBATCH$b00$c20080505$lBLL01$h1319
=CAT  \\$aBATCH$b00$c20091207$lBLL01$h0322
=CAT  \\$aWR10_184$c20101208$lBLL01$h1635
=CAT  \\$aWR12-140$c20121030$lBLL01$h1048
=CAT  \\$aWR13.144/5$c20140418$lBLL01$h0800
=FIN  \\$aY$d20050304
=LDO  \\$aBLEF
=DRT  \\$aVDEP
=SRC  \\$aLDS01$bbiblm.200404.2.aa
=STA  \\$aSUPPRESSED$bWR10_184
=LAS  \\$aWR13.144/5$b00$c20140418$lBLL01$h0800

