=LDR  02090 am a2200577 a 4500
=001  015507668
=003  Uk
=005  20100419141018.0
=006  m\\\\|\\\d\|\\\\\\
=007  cr||||||||||||
=008  100311s2010\\\\enk||||\sb\\\o000\0\eng\\
=015  \\$aGBB040727$2bnb
=040  \\$aUk$beng$cUk$dUk
=042  \\$aukblsr
=082  04$a664.907$222
=100  1\$aKnaggs, Michael.
=245  10$aSulfonamides in pig kidney.$pDecember 2009-January 2010$h[electronic resource] /$cprepared on behalf of FAPAS by Michael Knaggs.
=260  \\$aSand Hutton :$bFAPAS,$c2010.
=300  \\$a28 p. :$bdigital, PDF file.
=336  \\$atext$2rdacontent
=337  \\$acomputer$2rdamedia
=338  \\$aonline resource$2rdacarrier
=490  1\$aFAPAS proficiency test ;$v02145
=500  \\$aTitle from PDF title page (viewed on 17 Mar., 2010).
=500  \\$a"Report."
=504  \\$aIncludes bibliographical references.
=538  \\$aMode of access: World Wide Web.
=538  \\$aSystem requirements: Adobe Acrobat Reader.
=650  \0$aSwine$xEffect of drugs on.
=650  \0$aSulfonamides$xAnalysis.
=650  \0$aSulfonamides$xPhysiological effect.
=650  \0$aFood$xAnalysis$xQuality control.
=650  \0$aChemical laboratories$xQuality control.
=710  1\$aGreat Britain.$bFood Analysis Performance Assessment Scheme.
=710  2\$aUnited Kingdom Accreditation Service.
=710  2\$aCentral Science Laboratory (Great Britain)
=830  \0$aFAPAS proficiency test ;$v02145.
=852  41$aBritish Library$bHMNTS$cDRT$j281474976737875
=CAT  \\$a10902$b40$c20100311$lBLL01$h1646
=CAT  \\$a10902$b40$c20100311$lBLL01$h1647
=CAT  \\$a7750$b40$c20100317$lBLL01$h1530
=CAT  \\$a10902$b40$c20100325$lBLL01$h0839
=CAT  \\$a11249$b40$c20100419$lBLL01$h1410
=CAT  \\$aWR10_184$c20101208$lBLL01$h1636
=CAT  \\$aWR12-140$c20121030$lBLL01$h1049
=CAT  \\$aWR13.144/5$c20140418$lBLL01$h1022
=DRT  \\$aVDEP
=FIN  \\$aY$d20100317
=FMT  \\$a  BK
=LAS  \\$aWR13.144/5$b00$c20140418$lBLL01$h1022
=STA  \\$aSUPPRESSED$bWR10_184

