=LDR  02488cem a2200661 a 4500
=001  015604612
=003  Uk
=005  20230223161348.0
=006  m\\\\|\\\c\|\\\\\\
=007  aj\c||||
=007  cr|cn\|||a||||
=008  100720s2008\\\\xxk\\\\\\\a\\\s\0\\\eng\\
=FMT  \\$a  MP
=020  \\$a9781906979065
=034  1\$aa$b150000
=040  \\$aUk$beng$cUk
=042  \\$aukblsr
=082  04$a912.4288
=082  04$a912.4287
=110  2\$aMap Centre Press.
=245  10$aNorthumberland including Tyne & Wear$h[electronic resource] :$b1:150,000 showing county boundaries /$cdesigned, printed and published by The Map Centre Press.
=246  3\$aNorthumberland including Tyne and Wear :$b1:150,000 showing county boundaries
=250  \\$aEd. 1A.
=255  \\$aScale 1:150,000.
=260  \\$aHereford :$bThe Map Centre Press,$c2008.
=300  \\$a1 map$bdigital, col., PDF file.
=336  \\$acartographic image$2rdacontent
=337  \\$acomputer$2rdamedia
=338  \\$aonline resource$2rdacarrier
=538  \\$aMode of access: World Wide Web.
=538  \\$aSystem requirements: Adobe Acrobat Reader.
=500  \\$aPanel title (viewed on 29 July 2010).
=500  \\$a"Mapping supplied by Collins Bartholomew."
=650  \0$aRoads$xEngland$xNorthumberland$vMaps.
=650  \0$aRoads$xEngland$xTyne and Wear$vMaps.
=651  \0$aNorthumberland (England)$xAdministrative and political divisions$vMaps.
=651  \0$aTyne and Wear (England)$xAdministrative and political divisions$vMaps.
=655  \7$aRoad maps.$2fast$0(OCoLC)fst01752673
=710  2\$aCollins Bartholomew Ltd.
=852  41$aBritish Library$bHMNTS$cDRT$j281474976825522
=985  \\$aUpdated by MS generated file for WR2302-017
=CAT  \\$a7750$b40$c20100720$lBLL01$h0828
=CAT  \\$a12165$b40$c20100803$lBLL01$h1348
=CAT  \\$a12165$b40$c20100806$lBLL01$h1310
=CAT  \\$a11279$b40$c20100922$lBLL01$h1324
=CAT  \\$a12165$b40$c20101207$lBLL01$h1330
=CAT  \\$aWR10_184$c20101208$lBLL01$h1636
=CAT  \\$aBATCH-UPD$b00$c20120308$lBLL01$h1243
=CAT  \\$aWR12-140$c20121030$lBLL01$h1049
=CAT  \\$aWR13.144/5$c20140418$lBLL01$h1022
=CAT  \\$aBATCH-RDA$c20160127$lBLL01$h1359
=CAT  \\$aWR14_185$c20160214$lBLL01$h1233
=CAT  \\$aWR14_185$c20160214$lBLL01$h1239
=CAT  \\$aW2302-0174$c20230223$lBLL01$h1957
=FIN  \\$aY$d20100803
=DRT  \\$aVDEP
=STA  \\$aSUPPRESSED$bWR10_184
=LAS  \\$aW2302-0174$b00$c20230223$lBLL01$h1957

